2790 4958
618 291 765 358 Decimii
784 290 989 378 Βρίοίιῳίκοι.

382 543 540 611 Elenchus
554 542 696 629 Operum
709 542 743 606 in
758 540 804 605 II.
820 539 990 605 Volumina
1004 545 1236 603 contentorum.

260 725 503 808 Martyrologinm
531 722 760 785 vetustissimum
791 721 823 780 S.
844 721 1040 778 Hmaorrrrn
1070 719 1239 798 Presbyteri

300 825 417 883 nomine
430 820 613 899 insignitum.
1246 815 1318 894 Psg.
1340 835 1349 872 ι

260 921 505 1002 Martyrologinm
534 939 553 977 a
575 919 788 979 Vasnasmnr
820 915 914 975 Beni
945 913 1081 974 Heroicis
1108 913 1252 973 Versibus

301 1019 450 1098 scriptum.
1312 1026 1347 1084 23

261 1113 505 1195 Martyrologium
533 1111 718 1179 Gellonense‚
746 1111 809 1170 sive
837 1110 869 1171 S.
888 1111 1082 1169 Garunnam
1110 1127 1153 1166 ms
1182 1108 1250 1165 Dn-

301 1230 413 1278 suuro,
428 1221 636 1291 pervetustum.
1313 1223 1348 1282 25

261 1309 503 1388 Mmtyroiogium
519 1307 769 1366 wannnnsnsn
790 1305 925 1374 Diaconi,
938 1324 1005 1364 cum
1022 1303 1109 1363 variis
1126 1302 1249 1384 Appen.

301 1406 422 1466 dinibus.
1311 1421 1351 1478 39

260 1501 437 1562 Addidimns
450 1501 575 1582 iy‘asdem
586 1502 696 1561 Poima
708 1501 746 1560 de
756 1500 910 1560 creatione
924 1499 1032 1559 Mundi
1047 1519 1099 1579 per
1108 1498 1250 1559 Ordinem

300 1602 423 1660 Dierum
438 1621 499 1661 sex.
1310 1599 1348 1656 62

259 1698 342 1758 Ordo
355 1698 456 1758 solaris
469 1697 552 1757 Anni
568 1718 631 1757 cum
645 1698 768 1758 Litteris
781 1718 798 1756 a
813 1697 845 1756 S.
858 1696 1032 1776 Hieronymo
1050 1695 1250 1776 superpositis,

300 1795 337 1855 ad
357 1795 564 1875 explorandam
584 1795 751 1874 septimanae
768 1794 864 1864 Diem,
887 1806 917 1854 et
940 1793 1033 1852 Lunoe
1047 1795 1177 1852 AEtatem
1204 1794 1248 1850 in-

300 1891 497 1970 vestigandam
511 1891 542 1950 in
555 1912 615 1951 uno
628 1912 744 1971 quoque
758 1891 805 1951 die
818 1912 870 1972 per
883 1891 972 1950 XIX.
986 1911 1086 1950 annos.
1309 1891 1349 1965 64

262 1992 363 2051 Passio
377 1990 410 2051 S.
423 1991 530 2050 Felicis
544 1990 740 2050 Tubnooensis
754 1990 904 2071 Episcopi,
915 2001 946 2049 et
959 1990 1110 2070 Martyris.
1313 1991 1352 2048 68

262 2089 334 2148 Vita
356 2089 388 2147 S.
403 2087 538 2147 Medardi
559 2087 699 2167 Episcopi
723 2099 753 2147 et
776 2088 966 2152 confessoris.
987 2099 1105 2146 auctore
1124 2087 1251 2145 Pounn-

302 2204 386 2243 usro
401 2183 584 2264 Presbytero.

262 2281 357 2341 Actus
370 2281 402 2340 S.
412 2279 558 2340 Mednrdi.

262 2379 335 2438 Vita
348 2378 379 2437 S.
391 2377 483 2456 Eligii
497 2378 636 2458 Episcopi
649 2389 680 2438 et
694 2378 885 2449 confessoris,
896 2378 1003 2458 scripta
1017 2398 1034 2437 a
1049 2377 1082 2437 S.
1091 2377 1252 2436 Aunorrso

301 2475 528 2557 Archiepiscopo
543 2476 760 2555 Rotomagensi.

262 2572 364 2632 Sermo
378 2572 411 2632 S.
422 2572 592 2632 ansoooar
608 2574 757 2633 Scirorum
771 2574 808 2633 de
826 2574 858 2633 S.
869 2573 1082 2632 Bartholomaeo
1096 2571 1249 2652 Apostoio‚

301 2669 460 2748 interprete
473 2668 628 2729 Anastasio
642 2670 673 2729 S.
684 2671 721 2729 R.
733 2671 770 2729 E.
785 2669 1019 2731 Bibliothecario.

263 2768 396 2827 Historia
409 2768 619 2827 Translationis
632 2771 792 2848 Corporum
807 2769 863 2828 SS.
878 2768 1057 2846 Ragnoberti
1070 2777 1100 2827 et
1113 2767 1249 2835 Zenonis,

302 2875 419 2923 auctore
431 2866 555 2924 Josnrn
577 2864 732 2924 Sacerdote
756 2886 793 2925 ex
814 2864 991 2924 cancellario
1013 2865 1104 2944 Regis
1121 2863 1247 2942 Aquita-

303 2981 416 3030 norum,
431 2961 612 3041 Praeceptore
626 2962 766 3022 Ludovici
781 2963 879 3041 Regis.
1297 2981 1349 3036 ¹27

262 3058 398 3118 Iuventio
412 3058 584 3118 Sanctorum
605 3059 798 3120 aDeoderico
812 3060 960 3140 Episcopo
974 3059 1103 3119 Metensi
1120 3059 1151 3116 in
1164 3058 1251 3119 Italia

302 3151 493 3234 repertorum.
1296 3173 1348 3233 133

263 3252 342 3318 Vita,
353 3253 414 3311 sive
427 3252 603 3333 Martyrium
618 3254 731 3312 Sancte
745 3255 884 3313 Romanae
897 3253 1030 3332 Virginis
1050 3265 1080 3313 et
1100 3253 1249 3334 Martyris.

303 3351 345 3409 Et
360 3349 508 3408 Fundatio
521 3370 554 3408 ac
565 3350 718 3410 Dedicatio
733 3352 870 3412 Ecclesia
883 3362 914 3411 et
925 3352 1058 3412 Coenobii
1073 3352 1250 3424 S.Quintini

303 3445 442 3526 Martyris
455 3445 492 3505 ad
506 3446 696 3508 Belvacenses
710 3449 824 3508 Muros.
1294 3469 1304 3508 ι
1311 3464 1347 3525 35

264 3544 336 3605 Vrta
359 3543 502 3602 Lietbcrti
525 3543 664 3625 Episcopi
688 3545 910 3617 Cameracensis,
935 3557 1109 3607 auctorent
1133 3546 1250 3625 quidem

303 3640 431 3700 Acherio
457 3639 583 3711 videtur,
615 3641 767 3701 Ronunro
800 3643 947 3702 Monacho
980 3644 1184 3711 Marcianensi,
1218 3663 1251 3703 ac

304 3737 409 3798 deinde
422 3738 538 3798 Abbate
552 3737 584 3797 S.
593 3739 750 3799 Trudonis.
1295 3760 1306 3799 ι
1313 3741 1351 3817 38

264 3836 337 3896 Vita
352 3834 543 3914 Hildeburgis
557 3834 695 3896 Ibriensis
709 3837 879 3898 comitisse.
1299 3853 1352 3915 153

263 3936 337 3996 Vita
357 3949 388 3997 et
408 3937 553 3996 Miracula
574 3937 673 3996 Sancti
688 3937 770 3997 Petri
794 3938 831 3997 de
845 3939 1009 4005 Charanon,
1025 3938 1202 3999 Fundaturis
1220 3961 1253 3999 ac

303 4034 389 4114 primi
411 4033 565 4113 Praepositi
586 4033 725 4093 Ecclesia
747 4035 779 4094 S.
794 4036 896 4094 Mariae
917 4035 954 4095 de
969 4036 1110 4114 Piperaco
1130 4038 1161 4096 in
1180 4038 1254 4119 Epi-

304 4141 424 4209 scopatu
449 4130 480 4188 S.
496 4129 576 4188 Flori
600 4129 631 4188 in
645 4130 799 4204 Arvernia,
813 4121 1134 4193 Ordinis'Clericorum
1154 4135 1254 4214 Regu-

303 4227 407 4285 larium
422 4227 453 4286 S.
463 4225 641 4306 Augustini:
663 4228 769 4308 scripta
783 4250 800 4289 a
814 4230 990 4290 Srsrnsuo
1004 4233 1133 4309 ejusdem
1149 4233 1251 4293 Eccle-

304 4324 354 4382 siae
366 4324 513 4383 Canonico
528 4325 602 4402 Reg.
1298 4349 1351 4408 155
