2790 4958
420 291 570 356 Doclcra'i
589 292 797 378 Spicilcpim

61 512 248 570 Burannrc‘rr
271 511 364 571 XIII.
386 511 521 591 Epistola
543 512 582 571 ad
602 513 716 573 Ducem
739 512 963 580 Bituricensem.
984 533 1054 571 con-
1095 446 1154 510 rag.

101 610 199 668 tineus
212 609 342 686 ejusdem
356 608 520 687 Epistolam
533 609 570 669 ad
584 609 721 668 Carolum
736 609 911 667 Francorum
927 610 1048 688 Regem.
1096 627 1154 686 794

60 706 162 764 Prima
176 706 346 787 Appellatio
359 707 518 766 Academia
532 707 711 767 Pcriaieatit
724 728 742 767 a
756 706 917 765 Benedicta
931 707 1022 765 XIII.
1095 723 1152 785 795

62 804 240 863 Cancellorii
261 805 351 883 Regis
370 807 545 864 Francorum
566 805 670 864 Oratio
690 805 789 863 habita
813 803 845 861 in
865 804 1005 871 Consilio,
1019 813 1053 862 ut

103 901 278 960 Obedieutia
299 901 460 960 Benedicto
480 901 572 961 XIII.
591 902 787 967 subtrahatur,
809 900 902 960 donec
922 900 1054 960 Cessioni

101 999 272 1057 consentiat
1095 997 1153 1074 798

63 1095 265 1154 Cardinalium
281 1094 416 1174 Epistola
428 1093 466 1153 ad
480 1093 616 1152 Carolum
626 1092 684 1152 VI.
1095 1111 1154 1170 799

61 1192 155 1270 Regis
177 1202 207 1250 et
230 1191 440 1250 Aoaucalorum
464 1193 528 1269 ejas
548 1190 655 1247 Literae
677 1189 793 1268 publice
816 1190 848 1248 iu
869 1189 1053 1250 Parlamento

101 1289 211 1356 Lectae,
225 1289 331 1367 quibus
352 1287 425 1366 quid
437 1287 665 1346 Substractionis
679 1286 825 1366 Tempore
839 1286 984 1365 agendum
1004 1287 1052 1355 sit,

102 1386 276 1444 decernitur.
1082 1385 1153 1444 ibid.

60 1484 249 1542 Bananrcrr
264 1482 358 1541 XIII.
373 1481 508 1562 Epistola
521 1481 559 1540 ad
573 1478 709 1538 Carolum
724 1480 846 1559 Regem.
1094 1485 1153 1541 800

62 1581 221 1640 Concilium
236 1581 374 1640 Ecclesia
393 1580 551 1639 Gallicana
577 1579 681 1636 statuit
702 1577 774 1655 quid
801 1599 868 1656 erga
889 1580 1053 1659 Exemptos

102 1679 275 1737 servandum
290 1679 329 1737 ait
343 1678 488 1756 Tempore
504 1675 739 1734 Substractiouis.
1082 1677 1152 1736 ibid.

60 1776 185 1834 Canum
211 1776 301 1854 Regis
328 1776 506 1833 Francorum
535 1771 670 1851 Epistola
696 1772 734 1831 ad
758 1773 926 1832 Cardinales
951 1773 1052 1832 &mre

101 1884 256 1939 morantes,
270 1884 336 1951 post
350 1873 477 1930 Mortem
492 1869 638 1927 Bouifacii
652 1869 751 1947 Papae.
1093 1873 1149 1930 801

60 1970 256 2029 Innocuam
271 1969 359 2048 Papa
374 1966 507 2047 Epistola
520 1967 556 2026 ad
571 1966 758 2025 Academiam
773 1966 976 2028 Parisieusem.
1081 1969 1152 2029 ibid.

60 2067 186 2124 Cannar
202 2065 291 2143 Regis
304 2065 481 2123 Francorum
497 2062 632 2142 Epistola
645 2062 682 2122 ad
697 2062 871 2142 Gregorium
886 2065 1004 2145 Papam.
1093 2066 1151 2141 803

60 2164 200 2243 Ejusdem
215 2161 306 2220 altera
319 2161 356 2219 ad
369 2161 514 2220 eumdem.
1081 2163 1152 2223 ibid.

60 2263 246 2319 Bananrcur
261 2259 354 2317 XIII.
376 2258 464 2316 Bulla
484 2268 585 2316 contra
599 2257 710 2334 Regem
725 2257 914 2327 Francorum,
930 2271 960 2319 et
980 2261 1052 2321 alios

100 2379 118 2416 a
132 2378 184 2417 sua
197 2356 372 2416 Obedieutia
384 2354 561 2414 recedentes.
1082 2358 1152 2416 ibid.

61 2456 195 2534 Ejusdem
209 2453 300 2511 altera
314 2450 402 2510 Bulla
414 2452 446 2508 iu
460 2451 585 2510 eosdem.
1094 2456 1150 2530 805

61 2550 197 2631 Epistola
231 2550 383 2627 utriusque
410 2547 534 2626 Collegii
564 2548 763 2609 Cardinalium
796 2548 834 2606 ad
863 2547 1052 2609 Academiam

102 2648 304 2714 Parisieusem,
332 2648 416 2705 aliam
452 2647 577 2726 ejusdcm
611 2645 648 2704 ad
676 2646 813 2705 Carolum
841 2647 952 2724 Regem
983 2669 1052 2707 con.

99 2742 206 2800 tineus.
1091 2746 1150 2803 806

59 2840 168 2898 Literae
182 2839 389 2898 Neutralitatis
405 2838 604 2899 cardinalium
618 2840 669 2916 qui
684 2839 826 2916 Gregorio
839 2839 1028 2900 adhaeseraut.
1093 2844 1150 2920 807

61 2937 185 2995 Cannar
200 2936 290 3015 Regis
304 2935 439 3015 Epistola
453 2935 490 2993 ad
505 2935 615 3013 Regem
630 2935 809 3015 rlragonum.
1093 2942 1152 3000 808

64 3033 264 3092 Cordinalium
277 3033 328 3111 qui
343 3031 504 3091 Benedicto
516 3032 694 3092 adheserant
709 3034 844 3112 Epistola
857 3035 894 3093 ad
907 3037 1050 3107 eumdem,

102 3132 287 3209 quibuscum
302 3131 339 3189 ad
353 3130 516 3189 Concilium
532 3131 669 3188 Pisanum
685 3142 798 3190 vocant.
1093 3138 1152 3214 809

62 3229 240 3288 Eorumdem
264 3230 373 3287 Literoe
400 3227 437 3285 ad
460 3229 610 3287 universos
633 3229 783 3297 Praelatos,
808 3232 914 3309 quibus
940 3253 990 3291 eos
1017 3233 1054 3291 ad

102 3324 265 3383 Concilium
281 3325 419 3382 Pisanum
434 3334 603 3382 convocant.
1094 3333 1148 3389 811

64 3420 264 3480 Cardinclium
298 3421 349 3498 qui
385 3419 530 3478 Benedict
584 3421 775 3488 adhaeseraut,
805 3423 940 3502 Epistola
973 3425 1011 3484 ad

101 3518 244 3577 eumdem.
1092 3525 1150 3582 818

61 3615 244 3673 Banunrcur
260 3615 431 3694 Responsio.
850 3680 854 3687 ,
1093 3624 1150 3681 820

61 3712 228 3771 Declaratio
242 3711 362 3771 Concilii
371 3713 505 3772 Ecclesia
519 3714 676 3773 Gallicana
688 3728 789 3775 contra
802 3727 896 3775 certos
906 3717 1049 3777 Fautores

102 3808 264 3867 Benedicti.
1092 3817 1149 3874 822

62 3906 201 3965 Narratio
214 3905 251 3965 de
265 3907 397 3967 Concilio
412 3908 526 3967 Pisano.

61 4004 110 4062 I)e
124 4003 224 4062 Morte
237 4003 399 4062 Alexandri
414 4005 510 4084 Papae,
525 4018 555 4066 et
570 4007 724 4067 Electione
737 4009 860 4067 Ioannis
874 4008 981 4067 XXII.

61 4098 224 4158 Concilium
240 4100 388 4160 Pisanum.

62 4196 189 4255 indictio
203 4196 326 4256 Concilii
341 4198 530 4261 ProvinciaIis
545 4201 706 4265 Provinciae
719 4203 880 4264 Remeusis.
