2790 4958
477 293 579 378 111111
599 294 755 358 imon
779 295 899 358 crasa.
1192 296 1236 358 aa

217 467 352 538 Wolfio
376 466 523 537 Pastore
546 465 593 536 ad
616 465 663 536 D.
680 465 824 535 Gathar.
842 465 1042 558 Hamburg.
1063 474 1102 534 et
1124 465 1235 536 Scho-

214 583 344 654 iarcha.
378 584 478 654 Tom.
516 583 546 652 Ι.
605 581 817 674 Hamburgi
859 579 969 674 Apud
1010 581 1233 652 Theodorum

214 700 508 793 christophorum
526 696 692 792 Felginer
706 716 942 769 cmmocxxrr.
959 698 997 766 in
1015 702 1093 767 8ro.

461 921 563 985 Tomo
577 920 687 983 Primo
701 919 911 995 eontinentur,

142 1093 263 1152 Pnorrr
285 1092 460 1151 Patriarchoe
481 1089 798 1169 constantinopolitani
822 1098 921 1147 contra
939 1087 1118 1146 Manichaos

181 1188 506 1269 recensrepullulnntes
519 1188 609 1273 Liber
622 1186 649 1245 Ι.
664 1197 694 1245 et
709 1186 751 1244 11.
1129 1184 1230 1262 Pag.r

142 1289 232 1347 Nota
255 1299 286 1347 et
309 1287 537 1346 Emendationes
551 1286 619 1345 Viri
643 1285 730 1355 docti,
754 1285 852 1344 nescio
873 1283 966 1360 cujus,
982 1281 1019 1340 ad
1036 1301 1132 1340 exem-

182 1384 265 1465 plmn
292 1384 399 1442 Dionis
426 1384 625 1464 chrysostomi
657 1382 727 1441 edit.
756 1381 848 1440 Paris.
880 1400 928 1438 an.
962 1380 1045 1454 1623.
1082 1379 1133 1437 fol.

182 1481 343 1561 adscriptor,
357 1480 437 1558 quod
449 1489 545 1538 exstat
559 1480 591 1537 in
606 1479 747 1538 Biblioth.
764 1477 932 1537 Bodleiano.
1177 1492 1234 1549 217

244 1685 363 1748 Tomus
377 1683 540 1747 Secundus
554 1683 665 1747 eodem
679 1704 763 1748 anno
777 1682 905 1767 prodiit,
921 1688 955 1745 et
969 1682 1111 1746 continet

144 1866 264 1924 Pnorn
280 1863 410 1940 ejusdcm
424 1873 524 1921 contra
538 1861 717 1920 Maniohaeos
730 1862 853 1920 Librum
868 1861 928 1918 111.
944 1871 974 1919 et
989 1862 1041 1918 1v.
1134 1861 1205 1940 Pag.
1221 1881 1233 1918 1

144 1964 178 2023 S.
190 1964 355 2022 Gnnconrr
370 1961 517 2019 Nrssnur
533 1959 671 2038 Episcopi
686 1958 723 2017 dc
736 1957 845 2016 Anima
858 1968 888 2016 et
903 1957 1126 2016 Resurrectioae

185 2057 353 2136 Dialogum‚
368 2056 419 2135 qui
434 2055 584 2114 Macrinic
597 2055 773 2114 inscribitur.
928 2054 931 2059 ’
1180 2056 1238 2129 284

143 2155 272 2223 Libanii,
286 2153 425 2213 Rhetoris
438 2152 627 2220 Antiochcni,
642 2152 792 2233 Epistolas
806 2152 881 2211 VII.
1179 2171 1235 2229 331

189 2358 230 2422 In
250 2358 352 2422 Temo
373 2357 492 2435 Tertio,
508 2356 562 2441 qui
583 2377 667 2421 anno
689 2379 859 2420 nnecxxnr.
878 2356 980 2422 lucem
999 2357 1155 2444 adspexit,
1170 2357 1239 2422 haec

143 2463 355 2529 exhibentur:

146 2665 295 2724 Posterior
320 2664 393 2722 Pars
417 2663 651 2723 emendationum
679 2663 710 2720 in
733 2663 867 2741 Gregorii
890 2662 1018 2742 Nysseni
1039 2662 1105 2720 Ma-

187 2763 286 2822 crinia
1132 2760 1233 2839 Pag.1

146 2859 271 2919 Collntio
292 2859 347 2918 SS.
369 2872 493 2937 quatuor
513 2857 740 2936 Evangeliorum
762 2879 828 2917 cum
849 2858 962 2917 duobus
976 2858 1132 2918 (lodicibus

188 2956 282 3015 MSS.
296 2956 504 3034 antiquissimis
518 2955 636 3014 Gracia.
1199 2957 1238 3031 48

147 3055 298 3132 Excerpta
315 3073 353 3112 ex
370 3053 480 3113 Caleno
495 3054 565 3113 MS.
580 3052 658 3111 Bibl.
674 3053 760 3111 Bodl.
777 3054 943 3112 Graecorum
960 3053 1080 3112 Petrum
1101 3055 1132 3111 in

189 3150 284 3210 Actus
297 3149 432 3230 Apostol.
445 3161 476 3209 et
490 3149 639 3229 Epistulas
653 3149 825 3209 Catholicas.
1199 3170 1236 3228 92

148 3249 273 3309 Initium
286 3258 316 3307 et
330 3247 479 3325 Excerpta
499 3267 536 3306 ex
551 3247 710 3306 Damascrr
726 3247 897 3325 Philosophi
917 3267 1005 3326 opere
1024 3249 1132 3322 ἀπορίας

189 3349 230 3403 καὶ
250 3345 342 3404 λύσεις
367 3347 428 3436 arpi
448 3346 544 3418 ἇρχῶν,
567 3343 654 3403 dubia
682 3353 709 3401 el
736 3345 887 3404 solutiones
914 3346 949 3403 de
973 3346 1133 3425 Principiis

190 3461 294 3508 rerum,
309 3439 527 3519 complectente.
1183 3463 1236 3520 195

149 3537 284 3596 Lrnnurr
299 3535 440 3616 Epistola
454 3536 518 3595 alia
531 3536 649 3595 inedita
663 3536 787 3595 XVIII.
1182 3543 1237 3600 262

186 3731 226 3796 ln
240 3732 340 3796 Tomo
354 3731 486 3812 Quarto,
502 3731 556 3814 qui
573 3753 657 3795 anno
671 3755 837 3797 unocxxrv.
854 3733 959 3798 editus
973 3742 1032 3811 est,
1048 3734 1204 3820 leguntur,

150 3913 300 3992 Excerpts
319 3932 356 3971 cx
374 3913 483 3972 Calena
498 3914 568 3972 MS.
590 3913 621 3970 in
635 3912 731 3972 Actus
746 3913 931 3993 Apostolicos
949 3926 979 3974 et
994 3914 1142 3994 Epistolas

192 4009 366 4077 Catholicas,
380 4030 446 4087 quse
461 4009 554 4068 Tomo
566 4011 625 4069 III.
641 4028 671 4090 p.
687 4029 737 4088 92.
751 4031 814 4088 sqq.
829 4011 897 4070 dare
912 4013 1009 4091 coepit.
1135 4015 1207 4094 Pag.
1227 4036 1237 4074 1

149 4105 278 4165 Collafio
293 4107 429 4186 Synodici
452 4106 512 4165 sive
534 4107 748 4167 Pandectarum
769 4111 919 4167 Canonum
940 4109 997 4169 SS.
1013 4110 1140 4190 Aposto-

191 4204 285 4263 lorum
300 4216 330 4265 et
345 4205 541 4266 Conciliorum
563 4227 579 4264 a
597 4206 746 4265 Guilielmo
760 4207 925 4286 Beoeregio,
940 4209 1037 4267 Oxou.
1059 4211 1141 4286 1677.

192 4303 242 4361 iol.
260 4323 286 4362 2.
302 4304 403 4363 Tomis
416 4303 486 4363 edit.
501 4324 566 4363 cum
581 4305 675 4364 tribus
690 4304 783 4364 MSS.
799 4304 892 4364 Codd.
1187 4328 1240 4384 1¹3

688 4423 708 4461 I)
