2790 4958
144 371 149 380 ¹
231 303 274 365 88
599 298 777 365 Motibus·
798 297 957 363 Analecta.

1267 463 1329 526 Peg.

232 549 447 609 Hrnnnannm
470 551 610 630 Episcopi
626 552 852 610 Cenomanensis
873 547 1009 629 Epistola
1028 546 1066 605 ad
1087 544 1227 624 Reginol-

272 645 343 704 dum
356 646 535 706 Monachum
548 647 797 706 Cantnnriensem.
1266 640 1327 714 462

232 739 371 817 Ejusdem
386 738 530 817 Prologus
543 739 575 797 in
590 740 679 798 vitam
695 739 727 798 S.
740 738 929 817 Radegundis
944 736 1074 816 Regina.
1267 736 1328 810 463

230 834 475 918 supplementum
508 835 600 894 libelli
628 837 766 894 Suenarr
794 833 914 894 Abbatis
941 833 978 892 de
1011 831 1226 892 consecratione

271 931 411 990 Ecclesiae
424 952 494 990 suae.
1255 927 1327 986 ibid.

230 1027 389 1086 Gnroours
403 1029 543 1087 Cartusiae
559 1028 669 1089 Prioris
682 1028 814 1108 Epistola
831 1029 868 1087 ad
882 1027 1090 1087 Dnrbonenses
1110 1025 1225 1094 fratres,

271 1123 307 1182 de
321 1126 517 1205 suppositiciis
531 1127 607 1185 beati
622 1126 793 1203 Hieronymi
808 1125 962 1205 Epistolis.
1266 1122 1328 1196 464

229 1219 375 1279 Onnonrs
389 1220 514 1280 Abbatis
528 1221 560 1280 S.
571 1222 696 1299 Remigii
712 1222 847 1301 Epistola
860 1221 897 1280 ad
911 1222 1054 1280 Thomam
1069 1218 1224 1286 Comitem,

269 1316 306 1376 de
320 1317 444 1394 quodam
458 1318 599 1377 miraculo
613 1318 644 1377 S.
655 1319 776 1376 Thomre
791 1318 933 1398 Apostoli.
1253 1314 1325 1373 ibid.

231 1411 368 1472 Srnna'rr
391 1414 500 1472 Prioris
524 1414 658 1493 Epistola
679 1414 717 1473 ad
737 1414 902 1474 Rodnlfum
925 1413 1072 1472 Abbstem
1098 1411 1130 1471 S.
1146 1413 1224 1471 Tru·

269 1508 362 1580 donis,
384 1509 414 1567 in
434 1530 492 1587 qua
512 1511 660 1589 quaeritur,
683 1532 719 1569 an
742 1522 772 1570 et
794 1531 852 1588 qua
875 1511 987 1569 ratione
1008 1509 1094 1568 liceat
1115 1507 1225 1586 aliquid

268 1606 384 1684 exigere
396 1626 450 1685 pro
463 1607 647 1685 susceptione
660 1627 817 1687 puerorum
831 1607 863 1665 in
877 1607 1074 1666 Monasteriis.
1265 1604 1323 1679 465

228 1701 377 1762 Bonum
392 1701 517 1761 Abbatis
531 1703 674 1782 Epistola,
688 1724 747 1782 qua
759 1704 901 1783 superiori
914 1703 1081 1783 respondet.
1263 1701 1325 1775 466

227 1798 400 1857 Wssnnrur
424 1797 549 1858 Abbatis
574 1799 709 1879 Epistola
732 1799 769 1859 ad
789 1800 932 1859 Abbatem
954 1799 1164 1868 Elorinensem,
1186 1798 1223 1857 de

267 1894 447 1954 continentia
461 1895 682 1974 conjugatorum
696 1908 764 1956 ante
778 1898 1020 1957 communionem.
1263 1910 1321 1969 471

228 1989 396 2050 Evnnvrnr
419 1991 643 2053 Steinteldensis
666 1994 818 2074 Praepositi
839 1993 976 2073 Epistola
996 1993 1034 2053 ad
1055 1996 1085 2053 S.
1097 1994 1221 2052 Bemar·

267 2087 336 2146 dnm
351 2087 506 2156 Abbatem,
521 2088 558 2148 de
571 2089 714 2149 hereticis
727 2091 773 2149 sui
786 2090 935 2170 temporis.
1261 2105 1321 2164 473

228 2182 379 2243 Houorus
401 2184 568 2256 Mnrntnr,
590 2185 729 2246 Canonici
751 2186 915 2265 Regularis,
937 2186 1073 2266 Epistola
1092 2186 1130 2246 ad
1148 2187 1222 2245 Ger.

266 2280 386 2339 landum
400 2280 436 2339 de
450 2282 631 2341 sanctissimo
645 2283 838 2342 Eucharistiae
851 2294 1039 2343 sacramento.
1262 2300 1302 2358 47
1305 2297 1322 2360 5

225 2378 348 2438 Onoure
370 2379 509 2438 Monachi
532 2379 750 2440 cantuariensis
774 2380 910 2459 Epistola
931 2381 968 2440 ad
988 2380 1081 2440 Adam
1102 2381 1223 2440 fratrem

266 2495 361 2545 sunm,
377 2476 522 2535 novitium
538 2476 747 2555 Igniacensem.

225 2571 363 2632 Josums
383 2574 425 2632 11.
448 2573 669 2652 Archiepiscopi
690 2574 836 2652 qnondam
856 2573 1072 2652 Lugdunensis,
1088 2573 1223 2653 Epistola

265 2669 303 2729 ad
330 2671 369 2729 G.
388 2671 595 2731 Glascuensem
618 2671 809 2750 Episcopum,
839 2671 875 2731 de
903 2671 1057 2750 temporali
1082 2671 1222 2749 regimine

265 2767 405 2826 Ecclesia
418 2768 635 2846 Lugdunensis.

225 2863 366 2943 Anonymi
379 2865 500 2923 Abbatis
514 2864 650 2944 Epistola
663 2863 701 2923 ad
713 2863 876 2923 Monachos
891 2862 1093 2932 Pratellenses,
1108 2862 1144 2921 de
1161 2882 1221 2922 ser·

264 2960 359 3020 sanda
371 2960 402 3018 in
416 2961 499 3020 festis
513 2960 734 3020 solemnioribus
747 2961 932 3020 abstinentia.

224 3059 288 3118 Alia
301 3059 338 3118 ad
352 3059 478 3129 eosdem,
494 3059 530 3118 de
544 3058 646 3118 eodem
660 3069 841 3138 argumento.

224 3153 597 3224 Hnnvsan1,Leodiensis
611 3154 823 3224 Archidiaconi,
838 3153 974 3234 Epistola
991 3154 1028 3213 ad
1044 3154 1083 3213 G.
1094 3155 1219 3213 Canoni-

263 3271 329 3310 cum
344 3251 580 3318 landunensem,
596 3251 632 3310 de
654 3251 798 3311 Guiberto
818 3249 935 3310 Abbate
957 3250 1168 3321 Gemblacensi,
1189 3262 1220 3310 et

263 3346 300 3405 de
314 3345 464 3405 scribenda
476 3345 536 3403 vita
551 3344 582 3403 S.
594 3344 727 3423 Martini.

223 3442 415 3503 Hnnrnna'rr
443 3443 582 3502 Monachi
609 3443 744 3521 Epistola
771 3443 808 3502 de
835 3442 977 3503 hereticis
999 3443 1218 3522 Petragoricen·

262 3542 350 3602 sibus.
1259 3541 1319 3617 483

221 3639 415 3698 Gnrnnnnur
440 3637 581 3717 Episcopi
606 3637 786 3697 Mutinensis
809 3637 945 3717 Epistola
973 3635 1076 3695 flebilis
1103 3636 1140 3695 de
1166 3657 1219 3696 sua

261 3735 458 3813 assumptione
472 3735 503 3791 in
518 3733 737 3792 cardinalitium
752 3733 934 3812 dignitatem.
1248 3733 1320 3793 ibid.

221 3831 404 3890 Huunnnrr
427 3830 567 3910 Delphini
589 3829 767 3889 Viennensis
791 3830 936 3909 Epistola,
962 3850 1020 3907 qua
1047 3829 1159 3899 statuit,
1183 3841 1218 3888 ut

261 3925 489 3986 cartusiensium
503 3926 572 3984 lites
586 3926 684 3984 statim
699 3926 761 3985 sine
770 3926 846 4003 juris
860 3924 1043 3984 solemnitate
1057 3924 1204 3983 finiantur.
1259 3925 1321 3999 484

219 4023 367 4082 Josnnns
398 4021 644 4100 Archiepiscopus
674 4021 856 4081 Arelatensis
889 4021 973 4080 fratri
1002 4021 1217 4080 Bonaventurae

260 4118 398 4178 Ministro
428 4120 552 4178 fratrum
584 4118 735 4177 Minorum
770 4119 939 4178 facultatem
972 4117 1023 4176 dat
1055 4116 1216 4176 aedificandi

260 4217 420 4276 Ecclesiam
441 4227 471 4276 et
491 4226 666 4275 conventum
688 4216 718 4272 in
740 4226 833 4274 castro
851 4214 1012 4273 Salonensi.
1244 4215 1316 4274 ibid.
