2790 4958
144 308 191 374 aa.
503 309 652 374 naara
674 309 878 394 speratam.

146 559 284 640 Diploma
308 560 502 620 Fundationis
526 560 662 620 Abbatioe
685 560 860 620 Monialium
888 559 1009 619 Ordinis
1034 558 1143 617 Cister-
1184 476 1244 539 ¹³¹8·

186 657 289 715 ciensis
323 657 354 714 in
382 655 529 715 Blendeca
559 656 648 734 vulgo
677 656 847 732 Blendeque
882 674 973 734 prope
1001 652 1143 711 Sanctum

186 752 387 812 Andomarum
408 753 439 810 in
454 752 581 820 Artesia,
597 754 634 812 ab
649 753 835 812 Dasrnnaro
856 749 1020 810 Mutinensi
1042 749 1143 828 Episc.

186 850 371 909 confirmatae.
1177 845 1249 905 ibid.

146 946 390 1006 Aacnannannr
414 965 457 1004 nn
479 947 645 1006 Boaaomo
665 956 782 1025 pactum
803 944 910 1002 initum
923 963 989 1002 cum
1004 942 1095 1001 Petro
1108 941 1146 1001 de

186 1043 258 1102 Blot
272 1064 367 1102 coram
383 1043 513 1102 Henrico
527 1041 694 1121 Anglorum
710 1043 802 1121 Rege.
1188 1057 1249 1116 549

147 1141 304 1199 Uaramus
318 1140 414 1198 Parin
428 1139 489 1197 III.
503 1138 604 1198 domos
618 1139 648 1196 in
661 1138 796 1197 Claustro
808 1135 948 1196 Ecclesia
960 1135 1151 1195 Carnutensis

186 1237 267 1296 laicis
280 1237 353 1304 dari,
367 1248 419 1296 aut
433 1236 521 1296 locari
536 1247 626 1296 vetat.
1187 1249 1248 1311 550

147 1335 367 1393 Gurnnnnuus
381 1330 689 1392 Moumsrnssuna'nr
701 1333 844 1392 Dominus
856 1331 1073 1391 matrimonium
1088 1351 1157 1390 con.

186 1431 277 1489 trahit
293 1451 359 1489 cum
373 1429 500 1508 Agnete.
1175 1428 1247 1488 ibid.

147 1527 381 1586 Consuetudines
400 1527 580 1584 Communia
600 1526 775 1604 Pagensium
790 1525 926 1592 Valliaci,
942 1525 1078 1595 Condati‚
1093 1526 1145 1584 &c

187 1625 218 1682 in
233 1624 359 1682 Dioecesi
375 1623 586 1681 Suessionensi.
1175 1621 1248 1682 ibid.

147 1721 381 1780 Consuetudines
395 1719 576 1777 Communia
591 1719 791 1780 Tornacensis.
1188 1737 1203 1794 5
1207 1735 1245 1795 51

147 1820 241 1896 Leges
255 1816 404 1876 Amicitiae
418 1816 586 1875 Ariensium
602 1817 632 1873 in
647 1816 776 1874 Artesia.
1188 1831 1246 1894 553

148 1914 327 1972 Pnrnrrnus
350 1913 392 1971 11.
418 1914 596 1971 Francorum
619 1912 685 1970 Rex
707 1912 848 1972 Ecclesiae
870 1913 1017 1972 Eduensis
1040 1914 1146 1992 regalia

188 2030 253 2088 quae
266 2019 465 2088 usurpaverat,
480 2009 672 2087 Lugdunensi
687 2008 915 2088 Archiepiscopo
929 2010 1070 2069 restituit.
1187 2026 1203 2086 5
1208 2027 1249 2086 54

148 2107 329 2165 Donationes
343 2127 360 2164 a
373 2107 576 2164 Bnnraarvno
588 2107 609 2164 J
610 2105 720 2163 ordano
739 2105 831 2164 factas
845 2106 1027 2165 Monasterio
1042 2107 1073 2165 S.
1083 2106 1146 2166 An-

189 2203 275 2270 drea,
300 2205 451 2262 confirmat
474 2202 672 2260 Rarmursnus
700 2204 805 2260 Comes
829 2201 992 2260 Tolosanus
1019 2223 1052 2262 ac
1073 2203 1147 2260 Pro-

161 2316 164 2323 '
189 2299 290 2358 vincire
304 2299 446 2357 Marchio.
1176 2297 1247 2358 ibid.

149 2394 324 2454 Dotalitium
342 2396 379 2454 ob
394 2394 611 2452 matrimonium
633 2394 710 2453 inter
725 2393 914 2452 Guillelmum
931 2395 1146 2473 Montispessu.
1248 2409 1252 2417 ·

189 2490 248 2548 lani
262 2491 433 2557 Dominum,
448 2501 479 2551 et
493 2491 666 2568 Titburgam
681 2490 769 2549 filiam
786 2491 944 2549 Raimundi
959 2491 1075 2550 Atonis.
1189 2509 1247 2568 555

149 2589 353 2646 InnnroNsus
382 2588 447 2645 Rex
483 2586 655 2665 Aragonum
683 2588 894 2646 Monasterium
923 2588 955 2646 S.
978 2588 1082 2646 Mariae
1109 2587 1147 2647 de

191 2685 281 2763 Sylva
295 2683 399 2761 Regali
413 2683 527 2741 fundat.
1189 2686 1249 2762 556

151 2781 369 2839 Sacramentum
396 2778 547 2838 fidelitatis
570 2779 737 2838 Raimundo
751 2781 861 2840 Comiti
875 2781 1020 2841 Tolosano
1037 2783 1147 2841 factum

191 2897 208 2934 a
222 2875 382 2934 Guillelmo
395 2875 655 2954 Montispessulani
670 2876 807 2936 Domino.
1177 2877 1249 2938 ibid.

151 2972 304 3032 Sententia
318 2972 435 3031 divortii
457 2971 533 3031 inter
548 2972 723 3031 Galcherum
738 2974 774 3033 de
789 2973 897 3034 Salinis
917 2985 947 3034 et
964 2974 1009 3032 M.
1023 2974 1061 3033 de
1072 2974 1145 3033 Bor·

190 3069 278 3128 bonio
292 3068 529 3146 consanguineos.
1189 3085 1247 3147 557

150 3164 313 3223 Alcobacioe
328 3163 509 3222 Monasterio
524 3165 737 3225 Monasterium
749 3167 887 3227 Ceicense
901 3167 990 3228 donat
999 3169 1147 3227 Joarsrsns

191 3260 368 3339 Portugalioe
383 3261 458 3320 Rex.
1189 3265 1249 3340 558

152 3360 274 3416 Pactum
290 3357 467 3414 matrimonii
486 3359 564 3417 inter
577 3359 759 3418 Bernardum
774 3360 919 3420 Comitem
933 3362 1147 3428 Convenarum,

192 3465 221 3512 et
237 3453 362 3511 Mariam
378 3452 466 3511 filiam
482 3453 634 3513 Guillelmi
647 3455 767 3514 Domini
783 3457 1052 3537 Montispessulaui.
1178 3458 1249 3517 ibid.

153 3551 247 3609 Huoo
262 3569 304 3607 nn
320 3549 471 3609 Goarvaco
491 3551 596 3610 fundat
620 3571 654 3610 ac
677 3550 760 3612 dotat
780 3552 937 3613 Abbatiam
958 3554 1148 3615 Bellosanen.
1244 3573 1249 3603 a

192 3667 263 3716 sem,
279 3646 492 3705 Canonicorum
507 3646 627 3707 Ordinis
642 3647 936 3710 Proemonstrateusis
1190 3670 1250 3731 559

153 3744 325 3802 Tmnuaoa
351 3744 501 3804 renuntiat
535 3744 628 3824 pactis
655 3746 923 3816 matrimonialibus,
952 3747 1058 3824 quibus
1086 3767 1149 3806 eam

192 3840 287 3899 adhuc
306 3840 447 3898 infantem
470 3852 604 3920 parentes
625 3842 671 3901 sui
690 3843 752 3902 filio
769 3844 920 3904 Guillelmi
935 3845 1149 3925 Montispessu-

192 3938 251 3996 lani
264 3937 334 3996 dare
348 3938 572 4017 spoponderant.
932 3998 937 4008 ,
950 3972 953 3976 ·
1191 3943 1250 4018 560

153 4034 183 4091 H
188 4052 248 4091 oco
262 4051 305 4090 nn
321 4051 362 4091 aa
377 4033 464 4093 Rcca
478 4034 570 4093 filium
585 4057 670 4096 suum
685 4039 770 4098 offert
784 4039 815 4096 in
830 4038 962 4098 Ecclesia
976 4039 1156 4098 caturcensi.
1178 4039 1249 4098 ibid.

153 4128 288 4208 Epistola
311 4129 501 4189 Praelotorum
526 4132 712 4193 Normannice
734 4135 770 4194 ad
796 4135 967 4216 Philippum
988 4136 1032 4194 11.
1055 4135 1148 4195 Fran.

194 4243 294 4281 corum
310 4225 431 4304 Regem,
446 4227 483 4285 de
496 4227 517 4284 J
519 4247 571 4286 ure
585 4228 770 4291 Patronatus.
965 4258 967 4264 ·
1192 4235 1247 4309 561

153 4319 373 4378 Testamentum
389 4322 583 4381 Gurnnnnarr
599 4324 858 4406 Montispessulani
874 4327 1004 4388 Domini.
1179 4330 1250 4389 ibid.
