2790 4958
312 292 1066 385 -ummmmaumpueemcouau
1208 313 1253 380 99

565 533 731 598 TOMUS
754 535 837 599 VII.

195 662 417 749 Gomploctena
445 664 535 730 vatia
559 665 709 746 Gonoilia,
735 669 967 755 Episcopomm
993 671 1126 738 Statnta
1152 674 1250 760 Syno-

149 765 247 844 dalia,
274 766 425 852 Actaque
450 767 588 853 plurima
616 791 687 854 quae
712 770 888 836 Concilium
907 773 1061 837 Pisaeum
1084 797 1250 861 praeoesae-

149 874 238 946 mnt,
253 889 293 932 ao
306 869 477 934 subsecuta
490 876 575 948 aunt,
590 891 676 934 anno
690 895 884 938 nnccxxxm.
898 881 948 938 eet
962 875 1120 962 vulgatus.

553 1088 719 1152 TOMUS
742 1088 844 1152 VIII.

193 1217 415 1305 Gomplectena
444 1222 534 1286 varia
557 1220 708 1300 (loncilia,
734 1222 966 1309 Episcoporum
989 1223 1122 1288 Statuta
1149 1222 1249 1309 Syno-

149 1320 247 1399 dulia,
272 1344 346 1386 oum
372 1323 568 1408 ampliaaIma
595 1323 789 1389 collectione
817 1324 975 1389 Actorum
1002 1327 1046 1389 ad
1073 1325 1250 1390 Concilium

148 1422 322 1487 Baeilaence
343 1425 580 1508 pertinentim
594 1432 629 1490 et
653 1425 771 1511 duplici
795 1427 944 1492 Historia
961 1427 1093 1492 (loncilii
1116 1427 1249 1491 Triden-

148 1523 221 1602 tini,
236 1544 322 1587 anno
335 1525 449 1588 eodem
461 1524 496 1588 in
508 1525 612 1589 lucem
624 1525 754 1610 prodiit.

570 1726 736 1789 TOMUS
760 1726 828 1790 IX.

192 1848 292 1912 Va1ia
306 1850 518 1935 complectens
532 1851 694 1936 Opuaeula
707 1852 898 1917 Sanctorum
909 1853 1055 1932 Petrum,
1066 1861 1101 1918 ot
1114 1853 1248 1919 aliorum

148 1953 330 2017 Auctorem
344 1953 650 2034 Ecclesiasticorum,
666 1955 808 2034 Parisiis,
823 1977 908 2020 anno
923 1979 1116 2022 unecxxxm.
1130 1958 1246 2035 editus,

147 2053 217 2118 haeo
234 2062 440 2120 monumenta
453 2055 601 2121 exhibet:

247 2231 351 2295 Iudex
365 2231 597 2316 Opnaculomm
611 2255 682 2318 quae
696 2232 730 2297 in
743 2233 805 2298 hoe
819 2233 920 2298 Tomo
933 2234 1147 2300 eontinentur.

148 2369 269 2428 Senem
285 2372 445 2428 Cmmiu
458 2391 573 2430 carmen
593 2371 632 2429 ad
646 2371 774 2430 Felicem
787 2371 826 2429 de
838 2371 1048 2429 resurreetione
1067 2390 1144 2428 mor-

188 2477 317 2525 tuorum.

146 2564 293 2622 Juvnnei
306 2564 470 2643 presbyteri
483 2564 610 2644 Hispani
622 2563 696 2622 liber
708 2565 739 2620 in
753 2563 902 2622 Genesim.

147 2661 181 2719 S.
197 2661 337 2719 Hunnu
359 2662 545 2720 Pictavorum
566 2660 695 2739 epiceopi
717 2659 830 2737 aliquot
850 2657 1033 2718 Paalmornm
1053 2661 1144 2718 inter.

186 2759 314 2836 pretatio
326 2758 467 2816 hactenus
479 2757 599 2815 inedita.

146 2853 180 2912 8.
194 2853 228 2911 N
229 2873 278 2912 ιω
292 2854 424 2912 monaehi
439 2863 581 2911 tractatus
593 2851 631 2910 de
644 2852 809 2910 Christima
821 2851 1013 2931 philosophia.

146 2953 253 3010 Ctnnru
268 2951 409 3010 Sanum
423 2951 586 3029 presbyteri
598 2969 713 3008 carmen
726 2948 764 3007 de
777 2947 870 3007 Verbi
883 2949 1098 3008 incarnatione.

146 3048 180 3106 8.
194 3049 328 3106 Mum
342 3047 471 3126 episcopi
485 3045 675 3104 Taurinenaie
687 3043 813 3102 homiliae
826 3064 888 3103 sex.

146 3143 269 3202 Fauen
282 3144 411 3222 epiceopi
424 3143 581 3201 Sermones
592 3161 645 3200 aex
658 3140 696 3199 ad
709 3140 874 3198 monachos.

144 3240 287 3318 Antiqua
299 3239 433 3298 formula
446 3239 600 3301 oblationis
613 3259 768 3319 puerorum
781 3240 813 3295 in
827 3239 1019 3297 monasteriis.

145 3336 269 3414 Regale
283 3335 315 3395 S.
328 3337 451 3394 Ismeni
465 3357 528 3415 cap.
543 3356 612 3394 xxv.
625 3335 704 3413 quod
716 3336 748 3392 in
761 3335 848 3393 editis
860 3333 951 3392 deest.

143 3434 273 3509 Antiqua
285 3433 387 3511 regula
399 3433 557 3490 monastica
569 3442 688 3490 auctore
701 3451 847 3510 anonymo.

144 3527 301 3587 'l'ractatue
313 3528 351 3587 de
364 3529 517 3586 concordia
528 3528 635 3586 veteris
648 3549 681 3586 ac
694 3527 760 3585 novi
774 3527 950 3585 testamenti

144 3625 177 3683 S.
192 3625 366 3684 Bonmuen
379 3624 587 3704 archiepiscopi
600 3624 773 3702 Mogontini
785 3624 998 3681 Germanorum
1017 3623 1141 3701 apoatoli

184 3731 216 3781 et
228 3723 364 3801 martyria
378 3721 542 3780 Sermones.
1183 3724 1238 3798 185

143 3818 178 3878 8.
191 3821 352 3878 mannan
366 3819 543 3877 Annaeum
556 3817 629 3876 liber
642 3816 680 3875 de
693 3815 873 3896 Cupiditate.
1181 3837 1240 3895 2¹9

143 3915 248 3974 Sermo
258 3916 384 3995 ejusdam
394 3914 565 3974 delectione
574 3914 739 3992 evangelica
747 3913 779 3970 in
789 3911 995 3970 Purificatione
1004 3913 1160 3972 B.Mariae.
1182 3931 1237 3990 235

143 4012 277 4071 Humilia
291 4012 415 4092 ejutdm
427 4013 459 4070 in
473 4011 740 4090 Tramfiguratione
754 4011 883 4069 Domini.
1181 4030 1240 4088 249

143 4109 249 4166 Pium
265 4126 394 4166 nucem
409 4107 512 4166 Sermo
524 4108 556 4164 in
570 4107 760 4166 Amumtione
775 4107 811 4167 B.
821 4108 932 4165 Maria.
1182 4109 1240 4165 266

142 4205 285 4284 Ejaedem
309 4204 414 4263 Pium
439 4222 566 4263 nmcom
590 4202 710 4261 homilia
732 4205 763 4262 in
784 4203 984 4283 evangelium:
1011 4203 1139 4262 Intravit

181 4302 271 4361 Jeane
284 4302 315 4360 in
328 4300 474 4379 quoddam
488 4299 649 4360 metellum.
1181 4317 1239 4375 270

653 4411 711 4451 112

1056 4682 1280 4779 81288

1284 4614 1385 4696 Δ
