2790 4958
245 306 288 366 84
610 301 787 367 Mantuanis
808 303 967 367 Analecta.

245 552 445 623 Quorumdam
462 552 673 631 Episcopornm
687 553 912 611 carnutensium
926 552 1024 610 obitns
1037 561 1068 610 et
1081 550 1183 628 elogia.
1280 473 1342 626 ἔξεο

245 649 352 706 Forma
362 649 520 724 juramenti
532 648 706 707 investiendi
721 647 861 706 Canonici
875 647 1075 706 carnutensis.
1282 663 1340 723 237

243 743 321 803 Acta
336 744 547 823 Episcoporum
563 744 833 804 cenomanensium.
1269 743 1342 802 ibid.

244 839 392 918 Excerpta
419 859 456 899 ex
485 841 684 899 Instrumento
708 839 895 899 Visitationis
921 858 1008 916 quam
1038 836 1107 896 fecit
1135 837 1237 896 Simon

283 935 527 1015 Archiepiscopus
545 936 747 1002 Bituricensis,
769 955 822 1014 per
839 934 1007 994 Provincias
1024 934 1238 993 Bituricensem

283 1042 313 1090 et
328 1032 582 1111 Burdegalensem.
1280 1032 1339 1105 338

243 1128 392 1208 Excerpta
405 1149 439 1187 ex
453 1129 553 1187 eodem
568 1130 771 1188 instrumento.
1279 1145 1339 1203 345

243 1225 352 1284 Incerti
374 1226 473 1284 Poetae
494 1245 594 1284 versus
613 1226 649 1283 de
664 1225 819 1305 Episcopis
838 1237 868 1284 et
887 1225 1122 1303 Archiepiscopis
1142 1223 1237 1283 Salta-

283 1322 483 1400 burgensibus,
495 1322 531 1380 de
542 1322 696 1401 Episcopis
710 1322 980 1400 Ratisponentibns,
994 1320 1238 1399 Frisiugensibns‚

283 1418 512 1484 Pataviensibns,
528 1428 558 1475 et
583 1417 825 1476 Sabionensibus:
851 1437 917 1476 cnm
939 1416 1106 1496 Epitaphiis
1126 1415 1238 1494 aliquot

283 1515 503 1594 Episcopornm.
1279 1516 1340 1589 346

242 1612 387 1670 Ancurrsr
402 1611 514 1671 Versus
528 1612 564 1670 de
578 1611 688 1690 Aquila
702 1612 850 1691 Episcopo
866 1612 1094 1690 saltzburgensi.
1279 1611 1338 1686 348

242 1709 338 1767 Breve
352 1708 515 1767 Chronicon
529 1707 738 1768 Auriliacensis
753 1707 898 1767 Abbatiae.
1280 1726 1340 1783 349

242 1804 406 1863 Chronioon
421 1805 594 1863 Monasterii
610 1805 640 1863 S.
651 1804 807 1863 Michaelis
821 1805 851 1862 in
866 1825 940 1883 pago
951 1804 1142 1863 Virdunensi.
1279 1820 1339 1880 350

242 1900 375 1976 Antiqua
388 1900 520 1959 collectio
535 1910 665 1959 veterum
681 1900 908 1978 Inscriptionum
924 1901 1132 1959 Romanorum.
1280 1920 1297 1977 3
1301 1919 1340 1978 39

242 1997 408 2076 Descriptio
423 1997 587 2074 Regionum
603 1996 691 2053 Urbis
706 1995 818 2053 Romae.
1278 1999 1339 2073 364

243 2092 390 2171 Rythmns
405 2091 554 2170 Satyrione
568 2090 604 2149 de
618 2092 797 2171 temporibus
812 2092 934 2150 Roberti
949 2091 1048 2171 Regis.
1281 2095 1340 2169 366

244 2190 354 2247 Breves
368 2187 498 2246 Annales
513 2187 747 2265 Ratisponenses.
1280 2193 1339 2265 367

243 2285 374 2344 Annales
388 2285 633 2362 Weingartenses.
1280 2287 1340 2362 368

244 2382 374 2440 Annales
388 2380 596 2448 Einsidlenses,
609 2379 645 2437 ad
661 2379 941 2457 Cyclos'Paschales.
1267 2382 1340 2442 ibid.

244 2480 308 2538 Alii
321 2478 452 2538 Annales
466 2476 675 2536 Eiusidlenses.
1269 2479 1339 2537 ibid.

245 2577 318 2637 Dies
332 2577 474 2635 intrantes
487 2586 517 2635 et
532 2585 681 2635 exeuntes.
1278 2577 1339 2653 369

249 2674 357 2732 Veteris
373 2673 466 2730 Po'e'tae
481 2672 603 2730 Carmen
619 2669 845 2750 Apologeticum
865 2672 1003 2730 adversus
1020 2673 1239 2732 Obtrectatorcs

285 2769 424 2826 Romanae
438 2767 543 2834 Curiae,
557 2765 836 2842 interloquutoribus
851 2767 994 2826 (lanfrido
1009 2778 1039 2826 et
1053 2767 1165 2848 Aprile.
1269 2769 1339 2828 ibid.

245 2864 404 2945 Epitaphia
419 2863 588 2940 Principum
602 2872 632 2920 et
645 2861 804 2921 illustrium
818 2883 1014 2941 personarum.
1280 2882 1338 2941 377

245 2962 315 3021 Alia
329 2959 498 3040 Epitaphia.
1279 2979 1340 3038 379

246 3060 437 3140 Epitaphium
452 3058 635 3117 Venerabilis
649 3058 748 3116 Bedae.
1281 3059 1337 3134 381

246 3157 405 3237 Epitaphia
432 3155 490 3214 dno
516 3154 664 3212 Lantfridi
691 3155 776 3230 primi
803 3153 928 3214 Abbatis
953 3156 1237 3215 Benedictobnranir

286 3274 398 3313 necnon
413 3271 511 3311 versus
526 3251 562 3309 de
576 3251 669 3309 tribus
683 3250 784 3329 primis
797 3248 963 3309 Abbatibus
976 3250 1040 3328 ejus
1053 3251 1119 3311 loci.
1270 3253 1341 3312 ibid.

245 3350 449 3408 Arsaniam
470 3346 639 3406 Scholastici
655 3345 778 3425 Rythmi
791 3344 986 3424 Alphabetici,
1009 3347 1046 3406 de
1066 3349 1136 3408 viris
1156 3349 1238 3409 illns-

285 3445 378 3504 tribus
392 3444 437 3502 sui
451 3441 598 3520 temporis.
1280 3446 1339 3520 382

246 3542 385 3600 Virorum
405 3540 514 3616 aliquot
536 3536 703 3606 illustrium,
726 3557 764 3596 sc.
777 3535 920 3594 Willelmi
939 3536 1159 3619 Archiepisoopi
1180 3540 1241 3599 Re.

285 3638 402 3704 mensis,
430 3634 575 3694 Lndovici
609 3633 732 3692 Comitis
766 3631 923 3702 Blesensis,
952 3633 1084 3714 Philippi
1109 3635 1239 3714 Augusti

287 3737 467 3794 Francorum
504 3731 603 3809 Regis,
640 3728 847 3788 Bartholomaei
884 3728 1026 3809 Episcopi
1061 3730 1241 3800 Parisiensis,

287 3831 413 3894 Simonis
439 3828 579 3908 Episcopi
607 3825 780 3896 Meldensis,
800 3835 831 3884 et
855 3824 999 3885 Armandi
1021 3827 1241 3908 Archiepiscopi

286 3928 442 4007 Aquensis,
458 3925 573 4003 Elogia.
1282 3928 1341 4002 383

411 4087 615 4154 Miscellanea
630 4087 856 4174 Epistolarum,
872 4087 1101 4172 Diplomatum,
1119 4090 1174 4152 &c

245 4231 346 4290 Avrur
369 4225 535 4306 Presbyteri
557 4225 691 4303 Epistola
712 4225 750 4284 ad
771 4224 942 4283 Polconium
963 4225 1143 4303 Episcopum
1165 4226 1239 4283 Bra.

287 4343 439 4384 curensem.
1282 4324 1342 4396 386
