2790 4958
384 314 629 379 asamona
642 313 838 399 suana.
1099 313 1162 378 147

137 479 258 549 anensi
281 477 446 549 Abbate:
485 479 594 550 Nunc
620 490 743 550 autem
769 486 904 560 auctus,
928 478 1161 570 amplificatus

137 601 176 664 et
198 595 236 663 in
261 616 325 664 sex
342 595 470 664 Tomos
495 595 635 664 divisus.
687 593 849 678 Quorum
866 593 896 663 Ι.
922 595 1038 686 ipsum
1056 593 1162 664 Codi-

136 732 216 780 cem
239 712 425 801 antiquum
446 708 730 780 Holstenianum.
783 709 832 779 II.
860 709 987 780 Varias
1005 708 1161 803 Regulos

137 848 179 895 ac
208 824 363 908 Statuta,
392 827 587 896 monastica
620 832 657 895 et
691 825 868 906 canonica,
897 825 1057 894 omnium
1086 824 1160 894 fere

138 941 382 1034 religiosorum
406 941 591 1023 Ordinum‚
610 942 670 1031 qui
697 942 735 1010 in
758 939 918 1010 Ecclesia
940 939 1073 1010 Christi
1097 939 1161 1008 flo-

136 1064 293 1139 ruerunt,
320 1064 357 1127 et
384 1057 578 1127 etiamnum
605 1056 743 1138 florent,
769 1079 880 1147 usque
906 1057 951 1125 ad
979 1054 1160 1127 Saeculum

136 1171 228 1241 XII.
256 1170 436 1254 inclusive,
463 1171 534 1242 III.
559 1171 627 1244 IV.
655 1172 703 1243 V.
727 1181 765 1243 et
786 1171 855 1244 VI.
907 1171 1160 1242 Recentiorum

137 1286 314 1358 Ordinum
340 1295 377 1356 et
403 1286 726 1381 Congregationum
754 1286 909 1381 Regulos
936 1311 977 1357 ac
1006 1287 1159 1370 Statuta,

137 1405 263 1494 quibus
290 1403 326 1474 S.
349 1403 517 1487 Ecclesia,
549 1403 686 1496 Sponsa
714 1403 855 1485 Christi,
882 1404 1029 1472 mirifice
1059 1426 1160 1473 exor-

135 1526 249 1600 natur,
284 1542 396 1611 usque
429 1520 473 1588 ad
511 1527 630 1588 nostra
664 1526 824 1611 tempora
864 1517 1158 1610 complectuntur.

136 1633 451 1705 Observationibus
468 1635 779 1706 critico-historicis
792 1657 813 1704 a
827 1633 866 1703 P.
881 1633 925 1704 R.
941 1632 980 1701 P.
995 1631 1159 1702 Mariano

136 1748 290 1820 Brookie
309 1749 345 1819 S.
359 1750 399 1818 Τ.
414 1749 460 1820 Ι).
496 1750 617 1822 Priore
641 1775 683 1822 ac
709 1751 855 1824 Seniore
882 1749 1092 1818 Monasterii
1120 1746 1158 1817 S.

135 1865 263 1935 Jaocbi
281 1864 469 1936 Scotorum
486 1867 691 1937 Ratisbonae
708 1867 922 1937 illustratus:
950 1866 1074 1957 quue
1100 1865 1158 1956 pie

136 1981 305 2051 defuncto
340 1982 385 2051 ab
418 1981 487 2052 alio
521 1984 680 2075 ejusdem
714 1982 884 2065 Coenobii,
920 1982 1086 2052 Nationis
1121 1988 1159 2051 et

136 2096 299 2166 Instituti
325 2095 459 2167 Asceta
485 2097 633 2170 ulterius
660 2100 886 2169 continuatus
913 2106 950 2168 et
977 2097 1158 2168 Indicibus

134 2212 337 2282 necessariis
386 2214 588 2285 instructus.
664 2213 841 2308 Augustae
889 2213 1159 2284 Vindelicorum

135 2326 344 2419 Sumptibus
383 2328 514 2422 Ignatii
553 2329 684 2401 Adami
724 2339 762 2401 et
802 2330 977 2400 Francisci
1007 2327 1158 2398 Antonii

72 2454 78 2463 '
136 2440 250 2513 Veith
277 2443 566 2537 Bibliopolarum.
628 2445 736 2515 Anno
763 2465 937 2515 muccmx.
994 2443 1158 2536 Superio-

136 2581 215 2627 rum
233 2557 422 2629 Permissu.
474 2559 519 2629 In
539 2560 633 2630 foho.

102 2784 276 2871 catulogus
295 2786 489 2872 Regularum
504 2793 537 2852 et
552 2788 686 2852 aliorum
703 2789 922 2867 Tractatuum,
938 2788 992 2872 qui
1006 2788 1039 2852 iu
1053 2789 1156 2873 primo

57 2888 185 2953 Codicis
200 2889 395 2974 Regularum
410 2890 510 2954 Tomo
525 2891 736 2956 eontinentur.

547 3117 628 3181 Pars
644 3117 671 3178 I.

187 3265 317 3352 Regulae
333 3266 391 3331 SS.
408 3267 544 3331 Patrum
559 3268 768 3333 Orientalium
782 3268 825 3332 aul
840 3267 1025 3333 Monachus.

1094 3383 1154 3447 Peg.

58 3461 92 3521 S.
104 3460 248 3521 Auroram
263 3462 398 3522 Abbatis.
442 3464 511 3521 Saec.
528 3463 584 3521 IV.
1135 3484 1151 3540 3

57 3556 89 3615 S.
101 3558 199 3618 Isnnn
213 3558 347 3618 Abbatis.
391 3560 463 3618 Saec.
479 3559 537 3618 IV.
1135 3565 1154 3620 6

56 3654 113 3713 SS.
130 3654 332 3726 Snunrronrs,
356 3656 512 3725 Macrian,
536 3655 734 3722 Parnnnrn,
754 3666 784 3714 et
806 3655 926 3714 alterius
945 3656 1052 3714 Mnes-

97 3754 229 3819 n11‚&c.
272 3753 345 3812 Saec.
362 3753 418 3812 IV.
1134 3775 1153 3830 9

56 3846 116 3905 SS.
130 3849 254 3907 Patrem
267 3849 332 3908 alia.
375 3849 446 3908 Saec.
463 3847 519 3910 IV.
1117 3871 1153 3926 14

267 3945 364 4004 tertia.
407 3946 479 4004 Saec.
495 3947 552 4004 IV.
1117 3950 1153 4006 16

54 4040 86 4098 S.
100 4041 244 4099 Maonnn
259 4041 462 4112 Alexandrini,
477 4042 602 4102 Abbati·
617 4044 785 4104 Nitrieusis.
829 4045 900 4104 Saec.
916 4046 969 4103 IV.
1116 4046 1152 4102 18

178 4136 316 4216 Ejusdem
331 4138 472 4217 Epistola
1115 4161 1149 4200 21

55 4229 278 4303 S.Pncnou11,
292 4233 417 4293 Abbatis
431 4234 639 4304 Tubunensis,
654 4259 720 4296 cum
739 4238 914 4300 Praefatione
933 4238 964 4297 S.
977 4239 1051 4296 Hie.

97 4327 211 4405 ronymi
225 4327 257 4385 in
270 4327 400 4387 eandem.
444 4329 517 4388 Soec.
534 4330 586 4387 IV.
1116 4355 1151 4394 22

582 4445 634 4484 aa
