2790 4958
516 323 663 387 Deciani
686 324 891 409 Spicilaps'aos

1194 491 1213 537 P
1248 527 1252 537 .

150 564 372 638 Gurnnrsnran's
395 587 438 626 na
457 568 656 630 acarnanas
676 590 709 628 ac
728 569 861 628 Pennus
883 570 946 646 ejus
967 570 1058 628 frater
1078 590 1149 628 nou·
1214 506 1246 554 ag

191 665 275 722 nulla
287 664 398 724 donant
413 665 594 723 Monaaterio
608 666 640 724 S.
650 666 786 725 Andreae.
1180 668 1250 727 ibid.

149 761 357 821 Anaxanua'r.
370 762 463 820 Pasa
477 762 537 821 111.
553 762 688 841 Epistola
707 763 745 822 ad
766 764 929 823 Henricum
946 763 1149 842 Arcbiepisco-
1252 788 1253 791 ¹

190 878 262 937 pum
278 858 462 928 Rementem,
477 879 510 918 ac
524 859 719 939 suffraganeos
732 862 806 937 ejus.
1191 862 1250 937 538

150 955 311 1034 Privilegia
324 955 524 1014 Narbonensis
545 955 684 1015 Ecclesiae
705 959 854 1017 confirmat
873 959 1057 1017 Lnnovrcns
1073 957 1147 1015 VII.

190 1051 276 1109 Idem
290 1052 361 1110 facit
375 1051 530 1131 Philippus
542 1053 594 1110 vl.
1178 1055 1249 1114 ibid.

149 1147 315 1206 Concordia
341 1148 414 1208 inita
445 1148 522 1208 inter
552 1150 678 1209 Clericus
706 1150 841 1210 Ecclesia
870 1151 1084 1230 Lugdunensis,
1115 1162 1144 1210 et

189 1244 371 1304 Guroonnar
386 1246 530 1306 Comitem
546 1246 712 1306 Forensem.
1191 1264 1250 1324 539

149 1342 349 1402 Innunousus
363 1343 533 1422 Aragonum
549 1344 614 1404 Rex
630 1344 753 1422 Hugoni
765 1345 873 1403 Comiti
885 1344 1049 1405 Rutenensi
1059 1345 1147 1404 Vice-

189 1440 360 1499 comitatum
377 1439 573 1499 Carlatensem
587 1440 652 1520 lege
667 1440 762 1500 Feudi
777 1440 918 1500 concedit.
1177 1441 1248 1500 ibid.

147 1537 335 1596 Luoovrous
358 1538 429 1596 VII.
453 1537 595 1596 nonnulla
622 1538 712 1597 donat
737 1539 889 1597 Fratribus
914 1538 946 1597 S.
964 1538 1088 1597 Joannis
1112 1538 1148 1598 de

189 1634 320 1693 Sebaste.
1190 1655 1248 1711 54ο

148 1729 231 1789 Idcrn
253 1732 393 1810 approbat
414 1731 599 1790 donationem
619 1731 758 1790 Eoclesiae
778 1731 983 1791 Aurelianeusi
1003 1732 1108 1789 factam
1130 1753 1147 1789 a

147 1821 149 1824 ’
189 1827 327 1887 Manasse
341 1828 499 1908 Episcopo.
1189 1844 1245 1905 541

148 1923 273 1984 Pactum
288 1925 464 1984 matrimonii
481 1925 559 1984 inter
572 1926 764 1985 Guillelmum
782 1926 818 1985 de
833 1926 937 1992 Turre,
952 1945 984 1983 ac
1003 1924 1146 1984 Sebeliam

187 2020 314 2079 Amaldi
328 2021 364 2080 de
378 2022 625 2101 Villis-passautis
640 2022 738 2080 filiam.
1178 2021 1248 2080 ibid.

146 2122 368 2181 Matrimonium
383 2124 439 2182 init
453 2121 600 2180 Amulius
614 2122 650 2181 de
665 2123 832 2182 Mouceaux
847 2142 913 2180 curn
928 2120 1054 2198 agnete.
1175 2121 1246 2181 ibid.

146 2219 331 2287 carthusiam
360 2220 600 2278 Luviniacensem
635 2218 741 2277 fundat
772 2221 948 2278 Gauranos
980 2218 1145 2298 Episcopus

187 2314 389 2394 Lingonensis.
1188 2330 1246 2391 542

146 2414 368 2472 Testamentum
383 2415 545 2472 Gumoms
561 2408 780 2473 Gnnnnoranr.
1175 2412 1247 2472 ibid.

146 2510 362 2569 Fundatiouem
381 2511 549 2569 Nosocomii
570 2510 777 2570 Noviomeusis
797 2511 937 2590 approbat
953 2510 1144 2567 Ruuannus

186 2608 362 2687 Episcopus.
1187 2623 1244 2680 543

145 2704 269 2764 Pactum
288 2705 394 2762 initum
414 2704 490 2762 inter
505 2704 685 2763 Ildefonsum
701 2704 870 2782 Aragonum
886 2703 1007 2780 Regem,
1022 2723 1054 2760 ac
1070 2702 1145 2760 Ber-
1270 2763 1273 2768 ,

184 2800 309 2858 nardum
323 2799 432 2859 Atonis
445 2798 660 2860 Vicecomitem'
670 2802 703 2859 N
704 2820 911 2860 emausensem.
1175 2798 1246 2858 ibid.

145 2896 252 2954 Pannr
268 2896 393 2956 Abbatis
408 2898 437 2956 S.
449 2897 576 2976 Remigii
591 2897 753 2965 Remensis,
768 2908 868 2975 postea
880 2897 1020 2976 Episcopi
1032 2897 1144 2954 Carnu·

184 2993 286 3061 tensis,
303 2993 437 3073 Epistola
450 2994 487 3052 ad
501 3003 560 3053 tres
575 2995 737 3053 Monachos
752 2994 966 3052 Cistercienses.
1186 3007 1245 3067 544

142 3091 286 3170 Ejusdem
300 3090 391 3149 altera
405 3091 540 3171 Epistola
553 3091 590 3149 ad
604 3112 704 3149 eorum
718 3092 801 3149 duos.
1185 3104 1224 3164 54
1227 3107 1243 3165 5

143 3189 165 3246 Ι
164 3188 256 3248 ncerti
270 3188 405 3268 Epistola
418 3190 455 3248 ad
470 3189 629 3248 Incertum.
1174 3186 1244 3244 ibid.

143 3286 342 3345 Donationem
372 3288 408 3345 ab
436 3288 577 3345 Isnanno
604 3287 709 3345 factam
739 3286 918 3343 Monasterio
949 3283 978 3340 S.
1002 3280 1129 3340 Andreae

185 3379 336 3439 confirmat
363 3381 558 3438 Rarunnnns
584 3381 689 3439 Comes
714 3381 885 3448 Tolosanus‚
910 3399 943 3436 ac
968 3378 1129 3436 Provinciae

185 3476 329 3536 Marobio.

142 3572 192 3631 De
207 3572 400 3652 Eleemosyna
414 3575 538 3632 Comitis
553 3574 698 3632 Flaudriae
713 3573 853 3652 Philippi.

143 3670 378 3729 consuetudines
393 3670 573 3729 communiae
588 3669 815 3729 Suessionensis.

141 3768 266 3826 Lucrus
295 3767 387 3826 Panas
416 3769 475 3826 111.
504 3767 658 3826 Canonicis
686 3765 917 3824 Carnutensibus
944 3761 1141 3842 pluralitatem

183 3864 389 3924 beneficiorum
403 3865 548 3945 probibet,
563 3883 596 3922 ac
609 3863 794 3921 residentiam
809 3859 977 3940 praescribit.

142 3960 354 4037 Juajurandum
370 3958 565 4020 Gurnnrauur
580 3960 890 4018 Moun1s1³nssunan1
911 3955 1074 4035 praestitum
1087 3955 1140 4013 Jo-

184 4058 252 4116 anui
267 4058 415 4138 Episcopo
428 4058 640 4136 Magaloneusi.

142 4157 326 4216 Purnrerus
355 4155 518 4235 Episcopus
548 4153 731 4213 Belvaceusis
756 4153 917 4214 Ecclesiam
940 4151 1140 4211 Ursirillarem

183 4252 407 4311 Lebunensibus
421 4251 574 4311 Monaohis
589 4251 730 4310 concedit.

684 4365 704 4403 1³
