2790 4958
152 322 194 388 aa
340 366 344 374 .
509 321 657 387 nanas
678 321 884 406 apocynon.

153 575 319 632 Sasernam
349 571 486 651 Episcopi
515 571 721 630 Noviomensis
744 569 950 629 Ordinationes
977 589 1031 648 pro
1051 568 1147 626 Noso·

193 670 286 729 comio
300 668 429 745 ejusdem
445 667 535 726 urbis.

152 764 291 847 Ejusdem
313 765 456 842 Prologus
477 763 514 821 ad
535 764 679 842 Regulam
702 764 841 822 fratribus
864 783 897 821 ac
921 762 1067 820 sororibus
1085 761 1149 837 ejus

193 862 361 922 Nosocomii
375 860 481 919 datam.
1180 856 1186 871 ⁸
1211 857 1218 870 ’

152 960 322 1019 Honoratus
338 957 424 1014 Para
439 957 500 1015 111.
515 977 578 1016 eam
594 957 737 1035 Regulam
752 958 902 1036 approbat.

153 1055 321 1116 Nosocomii
335 1053 535 1112 fundationem
550 1054 690 1132 approbat
704 1055 882 1111 Guaannns
897 1053 1071 1131 Episcopus.
1178 1050 1250 1109 ibid.

151 1155 188 1212 In
200 1153 302 1213 eodem
316 1151 494 1209 Nosocomio
508 1150 697 1230 Presbyteros
711 1170 762 1209 sex
776 1150 881 1229 degere
892 1151 978 1227 jubet
992 1148 1147 1207 Wrnnan-

193 1268 256 1307 nna
270 1248 444 1328 Episcopus.
1178 1243 1250 1302 ibid.

152 1346 334 1404 Pmmnans
363 1343 405 1400 ΙΙ.
434 1342 515 1401 litem
544 1342 655 1401 dirimit
681 1344 757 1402 inter
786 1343 944 1402 Blancham
974 1343 1147 1401 Trecensem

193 1442 386 1508 comitissam,
401 1451 432 1499 et
446 1440 591 1499 Erardum
607 1441 643 1499 de
658 1441 764 1499 Brena.
1178 1438 1249 1496 ibid.

152 1543 228 1600 Cum
242 1540 343 1600 eodem
358 1538 454 1597 foedus
468 1538 590 1596 Roberti
605 1537 825 1616 Archiepiscopi
840 1536 1072 1614 Rotomagensis.
1190 1535 1250 1610 586

152 1639 247 1716 Leges
267 1635 345 1715 pacis
366 1635 446 1693 inita
467 1634 543 1692 inter
559 1634 719 1692 chricum
736 1634 794 1692 111.
810 1633 973 1711 Anglorum
989 1633 1099 1710 Regem
1113 1652 1147 1690 ac

191 1733 374 1792 Ludovicum
390 1730 519 1810 Philippi
535 1730 664 1808 Augusti
679 1731 858 1789 Francorum
873 1731 963 1808 Regis
977 1731 1079 1789 filium.
1176 1727 1249 1786 ibid.

152 1831 302 1889 Nnnonrs
319 1829 431 1887 Sancrr
446 1827 565 1884 Domini
581 1827 756 1887 Ruscinonis
770 1827 909 1886 Edictum
931 1847 984 1904 pro
1004 1847 1074 1906 pace
1095 1845 1146 1884 seu

192 1937 295 2004 treuga
310 1924 457 1984 servanda.
1189 1921 1247 1996 587

152 2023 305 2082 Pmmr’rr
320 2023 362 2080 11.
378 2023 554 2080 Francorum
570 2021 661 2100 Regis
675 2021 856 2080 constitutio
870 2021 905 2079 de
919 2021 940 2078 J
942 2020 1040 2079 udoeis.
1188 2020 1249 2093 589

152 2116 327 2175 Evasnnns
343 2117 509 2197 Episcopus
522 2115 727 2175 Ambianensis
742 2127 911 2195 personatus
926 2127 985 2175 tres
996 2117 1027 2173 in
1042 2115 1146 2173 Eccle-

192 2213 234 2271 sia
258 2212 449 2272 Ambianensi
472 2211 563 2279 addit,
587 2223 617 2271 et
641 2233 741 2271 eorum
765 2213 877 2271 reditus
898 2233 931 2271 ac
952 2213 1052 2270 munia
1071 2232 1146 2291 prae-

152 2356 156 2363 .
191 2311 299 2371 scribit.
1177 2307 1248 2366 ibid.

151 2408 263 2468 Jacoar
279 2428 319 2466 na
330 2408 489 2467 Vrnarnco
503 2407 643 2487 Episcopi
657 2406 830 2466 Acconensis
845 2406 980 2485 Epistola
992 2406 1030 2465 ad
1042 2405 1145 2463 Hono·

190 2507 266 2565 rium
282 2506 391 2584 Papam
407 2505 466 2564 111.
1188 2520 1248 2576 590

149 2603 287 2682 Capitula
311 2604 347 2661 de
372 2601 637 2681 Interceptionibus
660 2600 838 2659 clericorum
866 2599 1002 2659 adversus
1024 2599 1144 2657 Domini

190 2699 280 2778 Regis
293 2699 314 2756 J
315 2697 542 2757 urisdictionem.
1188 2710 1246 2770 593

149 2794 369 2856 Testamentum
386 2795 526 2853 Hannrcr
541 2794 664 2852 Comitis
678 2792 865 2852 Rutenensis.
1176 2791 1248 2850 ibid.

149 2894 265 2953 Deccai
292 2901 318 2952 et
346 2892 475 2970 Capituli
503 2891 678 2950 Turonensis
702 2891 837 2970 Epistola
865 2890 900 2948 ad
926 2891 1045 2949 Petrum
1072 2890 1146 2968 Epi·
1230 2947 1244 2959 ,.

188 3010 307 3069 scopum
322 2989 535 3048 Redonensem.
570 3064 571 3068 Ἰ
1187 3003 1247 3063 594

149 3089 273 3149 Pontius
284 3088 453 3146 Vicecomes
467 3086 654 3145 Podemniaci
675 3086 891 3144 matrimonium
913 3087 1057 3145 contrabit
1078 3106 1145 3144 cum

187 3184 326 3245 Adelaide
340 3184 400 3241 filia
414 3183 547 3241 Garnerii
563 3183 600 3241 de
615 3183 784 3260 Triangulo.
1175 3181 1245 3241 ibid.

147 3285 242 3362 Leges
257 3280 437 3339 Communia
451 3278 600 3357 crispiaci.
1187 3296 1243 3356 595

146 3379 356 3436 Janaansnna
370 3375 406 3434 de
418 3373 602 3434 Medullione
616 3374 713 3444 vidua,
726 3376 791 3434 Deo
805 3396 836 3435 se
850 3377 944 3445 offert,
956 3396 990 3435 ac
1003 3375 1144 3434 nonnulla

187 3475 276 3534 donat
290 3472 469 3532 Monasterio
485 3471 515 3530 S.
526 3472 661 3530 Andreae.
1188 3475 1246 3550 596

146 3573 286 3631 Jacoans
305 3569 477 3646 Aragonum
501 3567 564 3626 Rex
588 3579 705 3646 pactum
728 3569 784 3628 init
808 3590 873 3629 cum
895 3571 1007 3648 aliquot
1029 3570 1143 3629 Princi-

186 3668 273 3748 pibus
301 3666 380 3732 viris,
405 3664 441 3723 ad
467 3663 577 3722 bellum
606 3664 757 3724 Saracenis
783 3666 814 3724 in
839 3668 950 3726 Ineulis
974 3668 1144 3727 Balearibus

187 3764 380 3823 inferendum.
1187 3782 1245 3840 597

146 3862 283 3941 Ejusdem
299 3859 438 3918 Edictum
453 3878 507 3937 pro
518 3877 588 3938 paco
602 3869 632 3917 et
647 3870 749 3938 treuga
765 3861 913 3921 servanda.
1186 3863 1246 3939 598

146 3959 327 4016 Dnnannna
343 3956 507 4034 Episcopus
521 3954 732 4015 Cabillonensis
752 3956 833 4016 litem
848 3959 959 4019 dirimit
978 3960 1055 4018 inter
1069 3958 1144 4035 Epi.

186 4073 306 4133 scopum
328 4052 554 4130 Lingonensem‚
578 4062 608 4110 et
632 4053 777 4113 Comitem
798 4056 1011 4116 Nivernensem
1031 4077 1065 4115 ac
1084 4054 1142 4114 Fo·
1228 4055 1231 4059 ’

186 4169 309 4218 rensem,
325 4148 361 4207 de
376 4147 537 4227 praebendis
552 4148 833 4212 Tornadorensibus.
1107 4198 1114 4206 .
1186 4155 1245 4211 600

146 4246 248 4305 Litera
271 4244 468 4303 associationis
489 4243 663 4303 Monasterii
686 4246 724 4305 B.
738 4247 861 4307 Joannis
883 4249 913 4306 in
934 4249 1009 4308 valle
1030 4249 1142 4308 Carnu·
1233 4253 1236 4257 ’

187 4342 272 4412 tensi,
287 4361 353 4399 cum
368 4340 550 4399 Monasterio
565 4340 595 4399 S.
608 4342 745 4413 Quintini
761 4345 954 4404 Belvacensis.
1175 4347 1245 4406 ibid.
