2790 4958
350 312 479 377 Balazii
493 321 520 375 n
533 313 642 376 Menai
656 311 798 375 Misnlla
856 360 863 373 .

102 564 276 622 Hnsoamo
291 563 439 642 Episcopo
460 563 589 622 Ostiensi
610 584 663 642 pro
685 563 879 622 conservanda
900 583 969 642 pace
991 584 1057 622 cum

101 659 277 738 Nimpbanis
290 669 320 719 et
335 659 448 718 Sitiuis.

58 759 231 815 Anauonsr
247 756 337 832 Regis
351 755 485 814 Castellae
499 756 635 834 Epistola
648 758 685 816 ad
702 757 872 836 Philippum
886 756 1055 835 Augustum

102 855 280 911 Francorum
295 852 416 930 Regem,
428 872 485 929 qua
495 853 531 910 ab
542 873 578 910 eo
591 855 666 931 petit
680 854 823 912 auxilium
837 854 974 913 adversus
988 854 1056 912 Sar-

101 969 229 1008 racenos.
1119 970 1155 1027 93

60 1046 247 1103 Fauonium
263 1045 306 1102 ΙΙ.
324 1045 511 1123 Imperatoris
525 1055 556 1103 et
572 1045 661 1124 Regis
676 1046 783 1105 Siciliae
797 1047 939 1127 Epistolae
953 1066 1056 1106 novem

100 1142 136 1199 ad
151 1141 288 1200 diversos.
1088 1143 1157 1201 ibid.

58 1239 170 1296 Charta
181 1238 371 1295 anarinrs
380 1237 519 1317 Episcopi
529 1237 749 1317 Andegaveusis
759 1261 812 1319 pro
822 1241 953 1299 Ecclesia
963 1243 991 1298 S.
1000 1241 1021 1298 J
1022 1261 1057 1299 u.

100 1334 171 1390 lieni
186 1331 374 1391 Turonensis.
1118 1353 1158 1411 99

59 1431 204 1487 Hanarcr
228 1429 318 1505 Regis
340 1428 610 1507 Hierosolymitani,
624 1431 676 1508 qui
699 1431 848 1489 Frederici
865 1431 908 1488 II.
928 1432 1004 1507 Imp.
1026 1441 1056 1490 et

101 1527 234 1586 Isabellae
249 1524 381 1604 Anglicae
395 1525 471 1584 filius
485 1526 552 1596 fuit,
567 1527 703 1606 Epistola
717 1528 753 1586 ad
768 1528 931 1586 Henricum
947 1528 1057 1605 Regem

101 1623 265 1700 Anglorum
281 1633 416 1700 patruum
432 1642 526 1681 suum.
1102 1643 1158 1682 100

58 1720 182 1777 Litterae
197 1718 355 1776 Lnnovrcr
371 1717 428 1776 IX.
444 1717 480 1776 de
494 1719 666 1778 fundatione
681 1719 820 1779 Ecclesiae
835 1719 987 1777 Damiatae.
1089 1720 1157 1778 ibid.

60 1813 201 1892 Ejusdem
220 1814 374 1871 Lunovrcr
396 1813 519 1872 Litterae
539 1813 576 1872 de
596 1815 736 1892 pensione
758 1835 891 1874 concessa
910 1815 1057 1894 Episcopo

101 1910 284 1970 Damiatauo.
705 1925 707 1928 ‘
1085 1911 1156 1970 ibid.

58 2006 217 2078 Quoddam
232 2007 381 2085 Scriptum
403 2008 440 2066 de
460 2008 609 2066 vacatione
630 2008 769 2067 Ecclesiae
788 2011 1011 2081 SuessionensiS,
1027 2021 1057 2069 et

102 2103 294 2162 decollatione
307 2105 524 2182 praebendarum
539 2115 669 2184 tempore
683 2106 832 2183 regalium.
1101 2125 1154 2163 101

58 2201 181 2258 Littera
196 2201 310 2258 Decani
324 2211 354 2260 et
371 2200 500 2279 Capitoli
516 2200 735 2260 Cenomanensis
750 2202 786 2262 de
801 2203 927 2279 petenda
939 2203 1057 2263 licentia

99 2298 237 2376 eligendi.
1085 2300 1156 2360 ibid.

59 2394 195 2473 Epistola
212 2395 341 2474 Capitoli
360 2395 502 2454 Valentini
523 2395 559 2453 ad
573 2394 816 2474 Archiepiscopos
836 2396 1055 2454 Narbonensem

100 2503 130 2550 et
144 2492 354 2551 Arelatensem.
1085 2493 1156 2552 ibid.

59 2590 280 2648 Testamentum
299 2590 478 2648 Rauranum
495 2609 535 2647 nn
550 2593 708 2648 Coanrmo
729 2590 869 2669 Episcopi
891 2589 1056 2648 cadurcen-

99 2686 148 2744 sis.
919 2718 922 2722 ·
1100 2705 1153 2742 102

58 2783 108 2840 Ex
124 2782 215 2840 veteri
229 2782 343 2841 Scheda
355 2783 556 2840 Lemovieensi
571 2781 640 2839 MS.
1100 2801 1154 2857 ¹03

57 2877 197 2958 Epistola
211 2879 345 2937 Sinarus
365 2879 532 2957 Presbyteri
552 2877 712 2936 Cardinslis
726 2877 806 2937 tituli
829 2880 858 2937 S.
875 2878 1005 2937 Balbinae
1025 2879 1063 2936 ad

99 2985 275 3033 conventum
290 2975 518 3033 Cluniacensem.
1099 2996 1155 3050 104

56 3071 180 3130 Litterae
195 3072 350 3130 Prrrnrrrr
367 3071 514 3128 Puucrmr
531 3070 708 3129 Francorum
725 3071 815 3148 Regis
829 3070 866 3130 de
879 3070 1055 3130 sublevanda

96 3169 196 3247 inopia
211 3168 347 3227 Matthaei
361 3168 502 3246 Episcopi
516 3166 735 3227 Duukeldeusis
747 3170 777 3226 in
793 3168 900 3226 Scotia.
1083 3169 1153 3228 ibid.

55 3265 241 3322 Maurarum
257 3265 347 3342 Regis
361 3264 467 3323 Siciliae
482 3264 616 3340 Epistola
629 3275 698 3324 tres.
1083 3266 1153 3324 ibid.

54 3361 179 3419 Litterae
194 3361 314 3420 AEsrmr
326 3361 545 3440 Archiepiscopi
557 3362 756 3420 Narbonensis
771 3372 800 3419 et
815 3362 1060 3440 suffraganeorum

96 3457 161 3534 ejus
175 3458 211 3517 de
225 3457 438 3519 consecratione
459 3458 540 3516 Petri
556 3458 592 3516 de
606 3459 763 3536 Rupeforti
782 3459 921 3538 Episcopi
942 3462 1060 3519 Carcas-

96 3554 236 3613 sonensis.
1097 3573 1150 3632 105

53 3651 210 3709 Asanam
226 3652 419 3709 Cnscomrrrs
432 3650 653 3729 Archiepiscopi
671 3651 891 3710 Tarraconensis
910 3652 1052 3731 Epistolae

95 3748 161 3805 duae
176 3747 212 3806 de
227 3748 391 3806 Sarracenis
406 3749 441 3805 ab
457 3748 600 3826 Hispania
614 3748 763 3826 pellendis.
1097 3750 1152 3806 106

53 3844 224 3902 Bannurnr
239 3863 279 3901 or
300 3844 528 3902 Luxnunnnco
552 3845 771 3923 Archiepiscopi
794 3845 981 3904 Treverensis
1002 3845 1049 3902 lit-

94 3951 165 3998 terae
179 3939 215 3998 de
226 3941 471 3999 confoederatione
481 3941 557 3998 facta
571 3961 637 3999 cum
652 3941 790 4020 Philippo
801 3941 857 4000 Vl.
873 3942 1051 3999 Francorum

95 4037 187 4116 Rege.
1095 4052 1149 4112 107

53 4134 275 4192 Testamentum
292 4134 459 4192 Fuucannr
481 4153 523 4192 un
547 4134 639 4192 Rura
664 4137 810 4193 Cavsnor
831 4135 1050 4214 Archiepiscopi

95 4230 297 4289 Bituricensis.
1081 4232 1150 4291 ibid.

56 4325 192 4406 Epistola
205 4327 301 4385 Lucu
317 4326 451 4385 Conncrr
467 4327 630 4385 sarnam
646 4328 683 4386 ad
697 4330 852 4388 Nicolaum
867 4330 904 4389 de
918 4329 1058 4388 Auximo.
1096 4330 1150 4387 108

584 4443 606 4481 ιι
624 4443 638 4480 2
