2790 4958
335 309 502 375 Zoolarioe
516 307 673 374 Amodata
686 307 899 373 Mentores.
1096 308 1156 370 141

57 482 248 542 Confirmatio
274 483 470 563 Synodorum,
494 503 566 560 quas
594 482 722 540 Thomas
745 490 776 539 et
804 480 991 538 Hermannus
1018 477 1158 557 Episcopi

99 578 293 638 Pistorienses
306 580 481 647 babuerunt,
496 599 572 637 anno
590 597 677 654 1322.

56 676 223 734 Jonsunre
237 675 346 732 XXII.
361 675 453 733 literar
467 675 504 733 ad
519 675 721 739 Pistorienses,
736 693 811 730 anno
829 691 916 748 1323.

57 771 199 851 Ejusdem
213 773 306 831 litere
319 771 356 830 ad
371 771 575 838 Pistorienses,
590 771 691 830 eodem
707 790 792 828 anno.

57 868 209 927 Roanmm
232 868 339 928 Siciliae
360 867 451 945 Regis
471 867 655 947 privilegium
671 888 724 946 pro
738 867 911 944 quibusdam
929 867 1040 926 civibus
1060 866 1157 925 Pisto·

98 966 252 1035 simibus,
267 965 368 1023 eodem
383 984 471 1022 anno.

57 1063 293 1122 constitutiones
303 1060 340 1119 ad
352 1060 431 1118 Cleri
442 1059 623 1137 disciplinam
635 1057 846 1117 reformandam
858 1059 944 1118 edita
954 1061 991 1119 ab
1001 1061 1157 1119 Jonsuuu

100 1158 132 1216 S.
145 1158 292 1217 Theodori
312 1157 445 1216 Diaoono
464 1154 618 1215 Cardinale
638 1154 820 1234 Apostolicae
837 1155 922 1214 Sedis
944 1156 1066 1234 Legato,
1082 1176 1158 1214 anno

103 1258 193 1330 1327.

57 1351 308 1420 consiliariorum,
323 1370 413 1429 penes
426 1370 499 1427 quos
513 1349 552 1408 sit
568 1348 698 1426 regimen
713 1349 849 1409 Civitatis
863 1350 1059 1422 Pistoriensis,
1073 1351 1158 1410 insti·

99 1449 178 1508 tutio
191 1469 209 1507 a
222 1446 362 1526 Philippo
375 1446 412 1506 de
427 1447 594 1524 Sangeueto
607 1444 700 1504 milite
713 1445 799 1512 facta,
814 1466 891 1503 anno
908 1448 994 1524 1328.

57 1546 183 1613 Sindici,
198 1545 282 1621 cujus
295 1554 371 1602 esset
391 1563 475 1621 agere
495 1542 532 1601 de
544 1562 615 1621 pecc
635 1562 702 1600 cum
721 1542 948 1602 Pistoriensibus
961 1544 1097 1614 ineunda,
1113 1544 1157 1602 in·

100 1642 218 1701 stitutio
231 1661 248 1699 a
262 1640 442 1698 Florentinis
455 1639 542 1709 faeta,
557 1658 633 1697 anno
651 1656 738 1715 1329.

58 1741 123 1798 Pax
138 1737 309 1798 universalis
319 1737 397 1796 inter
411 1736 607 1805 Florentinos,
619 1735 785 1804 Pratenses,
798 1748 829 1795 et
844 1737 1045 1806 Pistorienses,
1057 1738 1158 1797 eodem

100 1857 186 1894 anno.

57 1934 280 1993 Sacramentum
310 1931 534 1991 Pistoriensium
561 1949 620 2007 quo
647 1930 852 2001 obedientiam,
881 1942 912 1991 et
938 1932 1159 1991 submissionem

100 2031 278 2110 promittunt
291 2030 311 2087 J
313 2028 419 2088 ohanni
434 2026 542 2085 XXII.
559 2026 648 2086 Pont.
663 2038 694 2085 et
713 2027 899 2088 rebellionem
915 2039 1015 2088 contra
1028 2030 1159 2088 Ludovi-

100 2148 167 2187 oum
181 2127 250 2184 olim
266 2125 397 2184 Bavarioe
410 2124 536 2191 Ducem,
551 2124 651 2183 eodem
667 2144 752 2181 anno.

57 2223 212 2282 Confessio
226 2221 355 2300 adceptae
368 2221 509 2299 pecuniae,
524 2239 600 2277 anno
619 2236 704 2295 1335.

57 2319 218 2378 Absolutio
232 2339 248 2376 a
262 2317 407 2376 sententia
428 2317 635 2395 suspensionis,
651 2337 736 2394 quam
760 2316 812 2375 Fr.
824 2316 1001 2377 Guillelmus
1014 2320 1052 2379 de
1067 2322 1160 2381 Pern-

100 2417 145 2475 sio
159 2415 279 2473 Domini
301 2414 389 2492 Papae
404 2413 644 2472 Poenitentiarius
666 2413 834 2492 impertitus
851 2424 896 2472 est
917 2414 952 2472 F.
968 2414 1080 2475 Simoni
1095 2417 1158 2476 Ab·

101 2511 160 2570 bati
176 2511 208 2568 S.
222 2508 438 2576 Bartholomaei,
454 2529 530 2566 anno
549 2509 635 2585 1338.

58 2606 289 2666 Florentiaorum
303 2605 395 2664 literae
409 2605 446 2664 ad
461 2607 662 2674 Pistorienses,
677 2626 754 2664 anno
773 2626 782 2662 r
789 2625 858 2681 341·

59 2704 123 2762 Pax
148 2703 224 2760 iuter
252 2702 414 2761 Commune
440 2703 627 2771 Lunensium,
654 2703 886 2771 Pistoriensium,
913 2715 943 2764 et
974 2706 1157 2776 Pisanorum,

100 2816 280 2872 aon01342.

57 2894 168 2953 Literae
191 2894 374 2953 Pisnooram·
389 2894 425 2953 de
449 2896 647 2973 acceptatione
670 2897 870 2954 ratificationis
895 2898 980 2958 Pacis
1002 2901 1087 2959 faotae
1107 2922 1159 2980 per

100 2993 262 3048 Commune
277 2990 396 3048 Pistorii
411 2990 466 3069 ipsi
480 2990 636 3048 Communi
652 2990 796 3058 Pisarum,
811 3012 887 3049 anno
905 3012 992 3068 1344.

58 3087 182 3145 Caaonr
198 3087 255 3145 1v.
272 3086 460 3165 Imperatoris
473 3087 566 3145 literoe
579 3086 616 3145 ad
631 3087 834 3156 Pistorienses,
849 3111 925 3147 anno
943 3092 1027 3166 1346.

59 3186 254 3242 Cnsuuurrs
269 3183 326 3241 Vl.
342 3184 524 3262 privilegium
545 3204 604 3260 quo
625 3184 796 3243 Pistoriensi
812 3186 934 3246 Civitati
950 3189 1000 3266 jus
1021 3191 1161 3250 ondendae

100 3292 224 3340 monetae
238 3281 414 3360 impertitur,
430 3280 530 3339 eodem
546 3300 632 3338 anno.

59 3377 242 3436 Reformatio
257 3377 324 3434 XL.
341 3377 546 3445 Barbutarnm‚
562 3397 638 3435 anno
655 3378 742 3451 1348.

59 3473 234 3532 commissio
248 3474 315 3531 XL.
332 3472 539 3540 Barbntarum,
554 3474 655 3533 eodem
671 3495 757 3532 anno.

61 3570 244 3629 Reformatio
254 3581 415 3629 montanee
424 3570 581 3648 superioris
594 3592 647 3650 pro
657 3574 758 3631 castris
768 3574 950 3645 rehabendis,
960 3576 1060 3634 eodem
1072 3597 1158 3638 anno.

58 3667 182 3739 Cxaom
196 3664 255 3725 IV.
270 3664 458 3744 Imperatoris
472 3665 600 3745 diploma
613 3689 666 3746 pro
681 3667 853 3727 Pistoriensi
868 3670 1005 3740 Ciuitate,
1017 3692 1063 3731 an.
1072 3691 1158 3750 1355.

56 3761 168 3820 Literae
182 3761 390 3820 testimoniales
404 3782 491 3820 sacrae
504 3763 703 3832 ordinationis,
719 3785 795 3823 anno
811 3767 897 3842 1361.

58 3858 213 3919 Sententia
237 3857 348 3916 Vicarii
365 3858 506 3935 generalis
528 3860 668 3940 Episcopi
694 3860 879 3921 Pistoriensis
899 3884 952 3942 pro
977 3865 1158 3926 Monasterio

99 3955 133 4012 S.
144 3954 298 4012 Michaelis
311 3954 348 4012 de
362 3954 508 4021 Furculis,
523 3976 599 4015 anno
618 3959 704 4033 1367.

58 4052 214 4131 Speeimen
229 4051 413 4110 Statntorum
429 4052 563 4112 Civitatis
576 4052 745 4114 Auximatis
759 4056 915 4124 editorum,
931 4079 1008 4117 anno
1024 4077 1111 4136 1371·

58 4147 189 4206 llantur
205 4148 261 4206 IV.
275 4147 367 4205 literae
382 4147 418 4205 ad
432 4146 618 4218 Auximates,
633 4171 710 4208 anno
729 4153 813 4226 1381.

59 4237 231 4302 Bonrmri
248 4243 305 4301 IX.
320 4243 413 4302 literae
425 4244 461 4302 ad
476 4244 660 4314 Auximates,
676 4267 751 4305 anno
770 4268 855 4324 1390.

60 4338 290 4398 florentinorum
304 4339 395 4399 literar
408 4339 445 4398 ad
460 4340 661 4410 Pistorienses,
678 4344 779 4402 eodem
794 4366 878 4404 anno.
