2790 4958
167 300 211 361 aa
522 295 897 383 normanniam.

167 534 206 592 V.
221 534 258 592 ad
271 533 454 592 Willelmum
468 533 602 592 amicum.
1196 449 1256 607 :384

167 630 225 691 v1.
239 630 276 690 ad
291 630 468 689 Herbertum
484 629 663 707 Episcopum
679 627 928 689 Thioiordensem.
1186 628 1256 689 ibid.

167 728 235 786 VII.
250 728 287 787 ad
300 727 473 786 Anselmum
488 736 633 805 nepotem.
1185 724 1256 784 ibid.

165 826 257 885 VIII.
285 825 322 884 ad
345 823 509 883 Walterum
538 821 730 888 cardinalem,
758 820 961 900 Apostolicum
992 822 1022 879 in
1049 821 1157 901 Anglia

205 922 358 1001 Legatum.
1195 937 1254 994 435

165 1019 223 1078 IX.
239 1017 276 1076 ad
289 1018 450 1096 Episcopos
465 1017 623 1076 Hiberniae.
1184 1014 1255 1075 ibid.

166 1115 343 1175 Pascuams
368 1115 463 1172 ΡΜ
484 1115 524 1172 II.
547 1112 682 1192 Epistola
706 1113 742 1172 ad
764 1112 1006 1192 Archiepiscopos
1029 1123 1059 1171 et
1080 1111 1153 1190 Epi·

205 1233 307 1290 scopos
322 1211 491 1270 Galliarum.
1183 1209 1253 1268 ibid.

166 1310 303 1390 lly'uadem
327 1309 460 1387 Epistola
481 1307 518 1366 ad
539 1308 740 1366 Daimbertum
761 1306 1019 1386 Archicpiscopum
1041 1306 1152 1365 Senon·

205 1426 311 1465 ensem.
1194 1406 1255 1479 436

165 1503 304 1583 Ejusdem
318 1501 452 1582 Epistola
466 1502 501 1560 ad
516 1501 704 1561 Lambertum
719 1501 898 1580 Episcopum
909 1498 1142 1559 Atrebatensem.
1183 1500 1253 1561 ibid.

165 1601 304 1680 I‘ly'asdcm
324 1598 456 1678 Epistola
473 1598 509 1657 ad
532 1597 719 1677 Radulphum
740 1596 997 1675 Archiepiacopum
1020 1596 1146 1656 Remen-

204 1716 275 1756 sem.
1182 1693 1252 1753 ibid.

164 1795 284 1853 Terram
313 1793 508 1851 Rumiliacum
539 1791 677 1850 Ecclesiae
708 1791 890 1850 Molismensi
923 1790 1032 1850 donant
1059 1791 1153 1850 Hauc

203 1892 307 1951 Comes
322 1890 483 1957 Trecensis,
498 1900 528 1949 et
543 1909 617 1947 uxor
630 1876 692 1967 eJus
707 1889 886 1948 Constantia.
1191 1906 1251 1963 437

163 1989 280 2047 Annua
308 1986 541 2046 Viromandensis
569 1986 722 2045 Comitissa
749 1985 931 2065 praebendam
961 1986 992 2043 S.
1016 1984 1152 2057 Quintiui

203 2087 315 2145 confert
330 2083 482 2142 Canonicis
496 2082 689 2161 Regularibus
704 2083 935 2142 Belvaoeusibus.
1182 2082 1252 2141 ibid.

164 2183 382 2241 Gurnnnmuus
396 2180 573 2259 Praepositus
590 2179 782 2247 caturcensis,
800 2179 1003 2256 jusjurandum
1024 2189 1150 2258 praestat,

203 2301 233 2340 se
261 2299 404 2359 personas,
432 2298 465 2336 ac
491 2276 639 2336 libertates
666 2276 804 2337 Ecclesioe
832 2280 1015 2338 Caturcensis
1043 2279 1143 2339 defen.

203 2398 311 2436 surum.
1179 2377 1252 2438 ibid.

162 2474 381 2533 Gummrnnus
396 2472 565 2532 Vicecomes
586 2472 617 2531 S.
633 2473 729 2552 Cynici
750 2473 889 2532 nonnulla
910 2473 998 2533 donat
1012 2474 1150 2534 Ecclesia

202 2570 380 2630 Caturoensi.
1189 2577 1251 2649 438

162 2668 273 2727 Eadem
295 2679 325 2726 et
345 2668 400 2726 alia
421 2667 515 2726 eidem
530 2666 668 2726 Ecclesiae
683 2667 771 2726 donat
786 2668 952 2726 Rarumus
967 2687 1008 2725 nr.
1024 2669 1149 2728 Bauno-

202 2783 317 2823 ronru.
1178 2767 1250 2825 ibid.

162 2862 267 2920 Eidem
282 2860 420 2919 Ecclesiae
434 2859 573 2919 nonnulla
587 2861 684 2931 donat,
696 2881 729 2920 ac
743 2861 834 2919 filium
849 2861 934 2920 offert
948 2861 1146 2921 Bannaanus

202 2959 445 3016 Tnaucaeuaus.
1176 2960 1246 3019 ibid.

162 3057 369 3115 Gonunnmus
390 3055 553 3134 Episcopus
573 3055 784 3127 Ambianensis,
806 3056 955 3115 confirmat
976 3077 1040 3134 quas
1053 3056 1149 3116 Lehu-

200 3152 282 3210 uensi
304 3151 483 3210 Monasterio
510 3151 615 3210 donata
642 3153 758 3212 fuerant
786 3174 802 3211 a
827 3153 956 3212 Roberto
978 3153 1146 3212 Flandrensi

201 3247 324 3314 Comite,
340 3257 370 3304 et
384 3267 400 3304 a
415 3248 543 3327 Roberto
558 3248 725 3308 Paroneusi.
1180 3251 1250 3309 ibid

163 3344 367 3404 Cononicorum
393 3345 524 3404 Ecclesiae
549 3346 727 3405 Porisiensis
754 3346 888 3426 Epistola
915 3347 951 3407 ad
979 3347 1147 3406 Paschalem

200 3441 310 3519 Papam
325 3441 368 3498 II.
1188 3463 1249 3522 439

162 3539 337 3597 Pascnams
359 3538 454 3597 Parum
475 3540 517 3597 11.
542 3540 676 3619 Epistola
700 3541 737 3599 ad
760 3540 999 3620 Archiepisoopos
1023 3552 1052 3600 et
1074 3541 1148 3620 Epi-

201 3655 301 3716 scopos
318 3636 536 3695 Provinciarum
550 3638 711 3704 Remeusis,
727 3639 902 3697 senonensis
915 3659 947 3698 ac
962 3639 1149 3699 Turonensis.
1177 3640 1247 3699 ibid.

161 3735 299 3814 Ejusdem
324 3733 458 3812 Epistola
485 3735 521 3793 ad
546 3736 747 3794 Daimbertum
772 3735 1029 3816 Archiepiscopum
1055 3738 1146 3798 Seno-

199 3852 326 3892 nensem.
1176 3835 1246 3894 ibid.

160 3931 342 3988 Parmaeus
357 3929 383 3986 I.
402 3929 577 3989 Francorum
594 3931 659 3990 Rex
673 3932 747 3990 bona
761 3933 972 4013 Episcoporum
983 3932 1146 3991 Carnuten-

199 4027 273 4085 sium
287 4026 347 4083 vita
361 4026 528 4084 functorum
539 4028 624 4104 jubet
638 4029 746 4088 intacta
760 4030 875 4088 servari.
988 4013 990 4017 ¹
1187 4048 1247 4103 440

159 4124 241 4183 Idem
257 4122 384 4181 decernit
399 4121 577 4182 Pascnams
592 4125 680 4184 Para
694 4125 737 4184 II.
1174 4127 1246 4187 ibid.

159 4220 313 4280 Abbatiam
329 4218 359 4276 S.
370 4218 522 4278 Trinitatis
543 4242 595 4299 pro
609 4221 788 4282 Mouiulibus
807 4223 912 4282 fundat
926 4224 1145 4283 Gu1msnnus

199 4324 304 4382 Comes
318 4318 486 4378 Moretonii.
1175 4320 1245 4380 ibid.
