2790 4958
452 300 631 366 Matthaei
651 301 810 366 Arabeta.

73 555 230 614 Aarramr
249 568 281 615 et
299 556 441 615 Horroarr
462 555 675 614 Monacbornm
696 553 841 612 sententia
860 554 898 612 de
917 553 1000 612 libris
1013 554 1070 612 Ga.

114 652 227 711 nonicis
239 652 359 712 Veteris
374 673 408 712 ac
423 650 503 712 Novi
518 651 708 719 Testamenti,
722 649 867 728 simulque
880 650 975 709 brevis
992 651 1070 708 Con.

114 749 203 807 fessio
218 748 314 807 Fidei.
1134 767 1169 824 27

73 845 209 903 Annum
224 845 380 904 Tractntns
393 845 430 903 de
444 864 530 903 causa
544 843 678 902 Formosi
693 844 790 922 Papa*u
1133 847 1171 903 28

73 939 238 999 Auxrnrus
251 940 289 999 de
303 941 544 999 ordinationibus
557 961 576 998 a
589 941 730 999 Formoso
745 940 809 999 PP.
823 939 919 998 factis.
1003 943 1006 946 ’
1131 960 1169 1017 32

73 1037 213 1116 Iljasdem
238 1037 275 1095 de
299 1036 398 1096 eadem
423 1037 594 1108 Questione
617 1037 781 1106 Tractatus,
805 1037 856 1114 qui
881 1034 1016 1095 Infensor
1039 1048 1070 1096 et

114 1135 261 1194 Defensor
273 1134 391 1193 dicitnr.
1131 1152 1170 1210 39

70 1229 222 1288 Aansunr
237 1230 363 1289 Abbatis
377 1231 533 1288 Tractatus
546 1229 583 1288 de
598 1229 752 1288 Eractioue
767 1231 903 1308 Corporis
917 1230 1035 1289 Christi.
1132 1249 1170 1307 52

71 1327 104 1384 S.
114 1328 305 1386 trunsum
322 1327 461 1406 Episcopi
477 1326 609 1384 Homilia
622 1325 659 1385 de
672 1326 794 1385 muliere
808 1327 978 1385 Chanauaea.
1131 1347 1147 1403 5
1151 1343 1168 1403 5

71 1422 225 1481 Drorrrsn
237 1423 358 1481 Exrcm
370 1422 504 1502 Epistola
516 1422 554 1480 ad
564 1422 726 1501 Eugipium
742 1422 948 1500 Presbyterum
966 1422 997 1478 in
1011 1443 1076 1480 ver.

112 1518 222 1577 sionem
244 1539 263 1577 a
282 1540 313 1577 se
333 1519 439 1577 factam
459 1517 527 1576 libri
552 1517 584 1576 S.
600 1517 735 1595 Gregorii
756 1517 895 1595 Nysseui‚
911 1517 948 1576 de
968 1518 1068 1576 condi.

112 1614 194 1674 tione
212 1635 265 1673 sen
285 1614 402 1694 opificio
419 1614 563 1673 bominis:
588 1634 655 1672 cum
676 1614 762 1672 initio
775 1614 839 1691 ejus
853 1614 1002 1683 versionis,
1017 1634 1068 1672 seu

113 1711 290 1769 Praefatione
305 1710 337 1769 S.
348 1710 484 1787 Gregorii
497 1709 534 1768 ad
549 1709 670 1767 Petrum
687 1709 828 1766 Fratrem.
1130 1731 1170 1786 59

71 1807 250 1884 Fragments
271 1808 330 1866 duo
350 1827 388 1865 ex
403 1806 619 1864 Commentario
636 1805 802 1862 Gancoarr
820 1804 960 1884 Episcopi
975 1807 1068 1864 Turo-

111 1903 210 1962 nensis
224 1905 254 1961 iu
270 1904 410 1962 Psalmos.

68 2001 205 2058 Tarorns
215 2000 355 2078 Episcopi
366 1999 617 2077 caesaraugustani
628 1998 767 2056 Praefatio
780 1999 817 2056 ad
828 1998 982 2069 Quirinum
994 1999 1068 2079 Epi.

111 2117 230 2175 scopum
254 2097 508 2161 Barcinoneusem,
536 2095 568 2152 iu
587 2094 627 2154 V.
651 2095 740 2153 libros
763 2095 971 2154 sententiarum
995 2117 1013 2153 a
1036 2117 1068 2155 se

110 2193 248 2252 collectos
261 2213 299 2252 ex
312 2193 449 2272 operibns
463 2194 491 2250 S.
501 2192 636 2270 Gregorii
651 2192 747 2270 Papa*n

69 2290 205 2360 Qnrarcr
221 2289 385 2367 Responsio
398 2288 435 2347 nd
449 2289 601 2346 Taionem.

69 2384 225 2442 Pramum
248 2384 373 2443 Abbatis
396 2383 513 2443 libellus
536 2383 573 2442 de
596 2384 719 2462 singulis
743 2384 824 2444 libris
846 2386 1008 2456 canonicis,
1034 2389 1064 2446 in

108 2481 229 2539 modum
244 2481 413 2540 Paraeuesis.
1126 2488 1163 2562 65

68 2576 189 2636 Granni
208 2577 322 2636 Meum
344 2577 435 2656 Regis
456 2578 633 2636 Francorum
655 2587 686 2635 ct
706 2577 965 2655 Longoberdornm
985 2579 1064 2639 Pro.

108 2672 182 2731 fatio
195 2673 226 2729 iu
242 2673 449 2731 Humiliarinm
461 2673 547 2731 Pauli
562 2672 685 2731 Diaconi
700 2673 841 2732 Monechi
855 2673 1029 2734 casinensis.
1126 2694 1162 2753 73

67 2768 208 2848 Ejusdem
223 2768 358 2847 Epistola
370 2768 408 2828 de
422 2769 525 2828 Gratis
538 2769 715 2847 septiformis
729 2768 868 2847 Spiritus.
1126 2791 1165 2849 74

68 2865 209 2944 Ejusdem
229 2864 365 2944 Epistola
384 2864 422 2923 ad
439 2864 626 2923 Odilbertum
640 2863 900 2944 Archiepiscopum
917 2867 1062 2928 Mediola-

107 2978 237 3025 nensem,
252 2959 289 3017 de
305 2958 467 3038 Baptismo.

65 3055 255 3113 Onrnunuur
271 3055 434 3134 Responsio
447 3056 485 3114 ad
499 3056 635 3114 Carolum
650 3057 801 3135 Magnum.

65 3151 229 3208 Larnnsnr
252 3151 392 3230 Episcopi
413 3151 620 3229 Lugdunensis
640 3153 713 3211 liber
734 3153 770 3212 de
785 3153 971 3214 Sacrameuto
986 3156 1063 3236 Bap-

107 3246 198 3313 tismi‚
212 3247 251 3305 ad
264 3246 402 3305 Carolnm
416 3248 571 3326 Magnum.

66 3343 203 3400 Casuum
226 3343 366 3422 Episcopi
387 3343 577 3403 Taurinensis
598 3344 736 3404 Praefatio
759 3347 789 3405 in
814 3347 903 3407 libros
926 3350 1063 3409 informa-

106 3438 221 3496 tionum
240 3439 332 3497 literae
352 3449 383 3497 et
403 3439 524 3518 spiritus
546 3460 633 3520 super
646 3441 823 3514 Leviticum,
837 3445 873 3503 ad
889 3447 1064 3506 Tbcodemi·

106 3555 171 3592 rum
187 3535 343 3595 Abbetem.

67 3631 207 3710 Ejusdem
228 3632 367 3691 Proefatio
390 3634 580 3713 expositionis
605 3636 637 3694 in
659 3636 822 3716 Epistulam
846 3641 883 3698 ad
909 3641 1061 3721 Ephesios,

106 3727 144 3785 ad
158 3728 341 3788 Ludovicnm
356 3729 444 3788 Pium
458 3731 678 3810 Imperatorem.
1123 3761 1158 3816 91

64 3822 311 3902 supplementum
327 3825 364 3884 nd
377 3825 484 3884 librum
499 3827 554 3886 1v.
569 3827 739 3887 Aminean
761 3831 798 3889 de
812 3831 925 3890 Officiis
944 3833 1059 3903 divinis,

105 3919 167 3978 sire
183 3919 247 3996 ejus
260 3919 328 3979 libri
348 3932 436 4000 caput
457 3923 605 3982 XLVIII.
628 3925 665 3984 de
685 3947 720 3984 eo
740 3927 819 4004 quod
840 3927 871 3986 S.
885 3930 1061 3990 Benedictus

105 4015 247 4074 nonnulla
267 4016 298 4074 in
313 4018 418 4076 Officio
430 4017 530 4077 divino
549 4019 634 4080 aliter
652 4023 813 4089 coustituit,
828 4043 914 4100 quem
935 4026 1061 4088 solerent

104 4133 121 4169 a
135 4110 256 4171 Clericis
270 4111 342 4172 fieri.
1122 4152 1160 4208 93

63 4207 213 4265 Vunrsnr
234 4206 454 4288 Arcbiepiscopi
476 4212 669 4273 Bituricensis
690 4216 825 4294 Epistola
846 4218 1003 4280 Pastomlis
1023 4224 1061 4282 ad

104 4303 251 4364 Parochos
265 4316 296 4364 et
310 4306 505 4367 Perochiencs
519 4330 595 4369 suos.
784 4314 787 4320 '
1105 4344 1161 4384 100

610 4425 631 4465 c
