2790 4958
150 321 214 385 184
438 317 731 383 BauzttaMoot
743 314 949 383 Mutationem

1187 479 1209 528 P
1242 514 1248 526 .

150 565 303 625 Manrrru
318 566 358 625 V.
375 567 471 625 Purra
492 566 592 625 citatio
614 575 715 624 contra
738 562 907 622 haereticum
929 559 1072 619 Comitem
1092 562 1145 619 Ar·
1209 495 1241 542 28

190 662 322 733 meniaci,
338 673 368 721 et
381 683 449 721 suos
463 661 626 740 complices.

151 758 240 817 Bulla
268 760 413 818 Eusnnrr
442 758 496 816 IV.
522 758 553 815 in
581 759 710 816 favorem
738 755 995 814 Beneficiariorum
1024 753 1148 830 Majoris

192 854 331 913 Ecclesiae
345 855 480 912 Lucauae.
1188 868 1248 926 423

151 951 227 1011 Aliae
242 951 364 1009 aliorum
378 952 552 1009 Pontificum
566 951 684 1009 Literae.
1188 961 1249 1021 425

152 1049 178 1106 1.
195 1049 248 1107 Prr
265 1047 357 1105 Para
379 1046 584 1114 confirmantis,
600 1057 630 1105 et
648 1045 834 1126 approbantis
848 1046 963 1104 Literas
984 1046 1149 1105 Innocentii

194 1145 282 1224 Papae
295 1145 355 1201 Ill.
371 1144 416 1202 sui
439 1143 661 1202 Praedecessoris
682 1163 735 1222 pro
756 1142 888 1201 Ecclesia
909 1143 1008 1201 Sancti
1029 1142 1149 1202 Genesii

193 1250 278 1299 terra
293 1241 324 1298 S.
340 1239 474 1299 Miniatis
487 1241 613 1298 Lucanae
628 1239 779 1298 Dioecesis.
1178 1237 1252 1297 ibid.

154 1338 197 1396 lI.
214 1336 635 1395 enresrrnrprrn111.ad
656 1335 831 1413 Gregorium
854 1335 1048 1415 Praepositum
1068 1337 1147 1414 ejus-

195 1434 261 1492 dem
276 1434 415 1492 Ecclesiae
431 1434 463 1492 S.
480 1434 610 1492 Genesii.
918 1495 923 1503 ,
997 1451 1000 1455 ·
1191 1431 1254 1505 426

79 1598 91 1608 Ἴ,
154 1531 215 1590 111.
232 1530 320 1588 Bulla
334 1530 427 1588 errr
443 1530 500 1588 IV.
516 1529 582 1587 data
596 1529 777 1587 Lucensibus
797 1550 850 1607 pro
871 1528 1045 1587 alienatione
1058 1529 1150 1587 bono-

194 1646 260 1684 rum
295 1626 442 1685 stabilium
473 1646 596 1703 quorum
624 1626 739 1684 fructus
765 1645 825 1683 non
852 1624 997 1683 excedunt
1025 1624 1151 1684 valorem

196 1731 321 1799 quatuor
335 1722 508 1781 florenorum
523 1720 584 1780 auri
597 1722 633 1780 de
648 1741 768 1780 camera.
1192 1737 1252 1796 427

155 1821 184 1878 J.
200 1820 240 1878 D.
256 1819 355 1878 Mansi
371 1819 567 1877 Praemonitio.
1192 1818 1255 1893 428

157 1916 354 1975 Cunusmrrs
375 1916 410 1972 P.
424 1915 496 1972 Vll.
518 1914 653 1994 Epistola
673 1934 726 1993 pro
747 1914 864 1991 justitia
887 1913 1019 1973 facienda
1040 1914 1153 1974 Judaeis

197 2013 441 2072 commorantibus
454 2031 471 2068 a
485 2010 629 2068 Venione.
1182 2013 1254 2071 ibid.

158 2109 189 2166 J.
204 2110 245 2166 D.
260 2107 360 2165 Mansi
377 2107 572 2164 Praemonitio.
1194 2124 1257 2183 429

158 2205 324 2262 (lumnam
349 2201 511 2260 Cardinalis
536 2202 671 2281 Epistola
698 2202 734 2261 de
762 2203 891 2261 censuris
912 2203 943 2260 in
967 2203 1088 2262 Pisanos
1111 2203 1154 2260 fe·

197 2299 304 2358 rendis.
1183 2296 1257 2356 ruid.

159 2395 305 2453 Placitum
330 2394 499 2452 Eccrconrs
520 2392 607 2451 Missi
628 2392 755 2451 Othonis
774 2392 799 2450 l.
815 2392 1002 2470 Imperatoris
1022 2393 1154 2452 habitum

200 2493 230 2551 in
247 2491 366 2571 Synodo
381 2489 558 2548 Provinciali
572 2489 712 2547 Ferraria
732 2488 876 2548 celebrata
899 2509 916 2547 a
938 2490 1027 2549 Petro
1047 2491 1154 2550 Archi·

199 2589 335 2669 episcopo
350 2587 498 2646 Ravennae
512 2586 552 2646 A.
568 2604 637 2662 970.
1183 2588 1258 2646 ibid.

158 2687 189 2744 J.
204 2687 244 2743 D.
259 2685 356 2743 Mansi
371 2683 568 2742 Praemouitio.
1195 2702 1254 2759 431

159 2782 280 2840 Lettere
295 2778 351 2838 due
366 2800 382 2837 a
397 2780 510 2837 Messes
524 2777 632 2836 Nicolo
646 2777 682 2836 de
696 2776 834 2837 Guidotti
849 2779 886 2838 da
900 2778 1071 2839 Saminiato.
1186 2778 1259 2839 ibid.

159 2877 190 2934 J.
206 2876 244 2932 D.
258 2875 356 2933 Mansi
372 2873 568 2931 Praemonitio.
1196 2892 1258 2950 432

161 2973 342 3031 Gssrnnrru
358 2972 506 3030 Bnazrzrr
522 2971 657 3051 Epistola
671 2972 708 3030 ad
721 2971 870 3031 Andream
885 2973 1045 3032 lulianum.
1185 2973 1259 3031 ibid.

161 3069 302 3150 Ejusdem
316 3069 451 3148 Epistola
465 3068 501 3127 ad
515 3068 717 3127 Laurentium.
1186 3069 1259 3128 ibid.

161 3167 192 3226 J.
211 3166 251 3226 D.
270 3168 367 3226 Mausi
396 3166 586 3226 Praemonitio
611 3165 643 3223 in
670 3164 819 3245 Epistulas
847 3165 945 3224 Caroli
969 3165 1158 3225 Vicecomitis

202 3264 343 3343 Episcopi
359 3263 580 3322 Vintimiliensis
595 3272 625 3321 et
639 3262 671 3319 N
673 3262 752 3321 uncii
766 3263 925 3341 Apostolici
943 3263 980 3322 sd
995 3262 1158 3322 Concilium

205 3358 419 3418 Tridentinum.
1199 3377 1260 3434 433

164 3455 319 3533 Ejusmodi
334 3455 475 3534 Epistola
489 3455 608 3532 aliquot.
1199 3472 1263 3531 434

164 3551 320 3630 Ejusmodi
333 3553 454 3611 Litterae
468 3552 540 3609 aliae.
1199 3569 1262 3629 437

166 3649 281 3728 Scripta
302 3648 449 3727 proposita
474 3648 607 3706 Concilio
631 3648 815 3719 Tridentino,
840 3649 887 3709 vel
911 3651 948 3709 ad
971 3650 1045 3709 illud
1069 3650 1159 3730 perti-

206 3744 315 3803 nentia.
1201 3763 1262 3822 492

167 3841 309 3920 Epistolae
336 3841 470 3899 Josnnrs
499 3841 670 3900 Barrrsmn
694 3841 889 3910 Ausonum,
919 3844 1036 3902 nomine
1064 3841 1161 3900 Caroli

209 3937 370 3996 Cardinalis
385 3937 536 3997 Borromei
551 3938 582 3995 iu
597 3938 774 3998 Pontificatu
791 3938 837 3996 Pii
852 3938 910 3997 IV.
1083 3938 1152 4015 506.
1169 3959 1185 3998 e
1199 3959 1262 4017 seq.
