2790 4958
350 291 512 356 Galloatdli
525 289 712 355 Bibliotheca
727 293 873 355 Patrem.
1093 296 1153 364 191

135 465 299 534 Bandinii
312 463 341 532 I.
349 462 395 533 U.
404 463 449 532 D.
477 462 513 532 S.
522 461 625 532 c.M.
650 462 753 555 Regii
771 462 1038 533 Bibliothecarii
1063 465 1158 537 Pub-

135 580 214 650 licae
232 577 418 649 Marucell.
435 576 604 647 Biblioth.
624 576 796 646 Praefecti.
848 577 1035 649 Florentiae
1052 581 1157 674 Typis

132 694 298 765 Caesareis
331 716 424 764 anno
454 712 693 764 clomccnxw.
746 691 968 763 praesidibus
1002 696 1158 766 adnuen-

135 811 240 880 tibus.

103 1004 220 1068 Omnia
234 1004 384 1089 opuscula
409 1025 479 1086 quae
501 1003 534 1065 in
555 1002 616 1065 hac
638 1002 821 1065 collectione
839 1001 997 1087 legrmtur,
1017 1005 1157 1090 01111090

61 1106 206 1168 Codicum
230 1105 512 1189 Meamcrcptoram
541 1101 735 1166 Bibliotheca
763 1105 910 1167 Mediccae
938 1107 1157 1172 Laurentisne

59 1228 154 1290 quem
174 1205 347 1270 Florentiae
366 1227 451 1270 anno
465 1227 616 1267 noccnxv.
632 1204 716 1267 idem
739 1205 913 1269 Bandinius
934 1207 1042 1284 edidit,
1058 1207 1156 1272 etiam

57 1309 179 1373 inserta
193 1313 276 1371 sunt.

525 1544 695 1614 XXXII.

102 1758 196 1821 Nunc
218 1758 261 1821 ad
281 1755 512 1820 Bibliothecam
530 1757 680 1819 Veterum
704 1755 839 1819 Petrum
862 1757 1063 1822 novissimam
1083 1781 1155 1844 pro-

57 1862 229 1946 gredimur.
284 1858 386 1923 Istam
409 1857 642 1936 Oollectionem,
667 1857 751 1920 iuter
777 1880 885 1922 omnes
910 1859 963 1922 illo
989 1861 1084 1924 titulo
1109 1862 1156 1924 in-

58 1964 195 2047 scriptas
212 1961 303 2025 facile
323 1961 506 2045 principem,
522 1960 666 2022 Annaea
686 1961 878 2037 Germano,
895 1961 1156 2047 Oongregationis

58 2064 201 2130 Oratorii
230 2064 432 2147 Presbytero,
463 2063 622 2126 debemus.
678 2062 796 2126 Tomus
824 2063 954 2147 primus,
981 2087 1075 2149 quem
1101 2067 1156 2130 alii

56 2167 211 2232 tredecim
231 2167 331 2229 secuti
354 2172 438 2242 sunt,
461 2186 545 2227 anno
568 2187 719 2227 nnccnxv.
743 2165 884 2228 Venetiis
906 2166 939 2228 in
960 2166 1062 2230 lucem
1083 2189 1155 2252 pro

58 2269 129 2333 diit.
174 2268 295 2352 Singuli
318 2267 397 2332 tomi
418 2268 498 2330 dnos
520 2266 655 2344 Indices,
671 2288 769 2330 uuum
791 2266 1061 2352 Ohrouologicum,
1077 2269 1155 2334 altc-

56 2393 130 2433 rum
144 2370 399 2453 Alphabeticum,
411 2369 541 2433 babent.
586 2367 659 2432 Hoc
674 2369 799 2446 omisso,
811 2369 899 2431 illum
915 2378 1156 2455 (nonnunquam

56 2495 116 2558 pro
131 2471 252 2536 consilii
266 2471 328 2536 mei
341 2473 466 2536 ratione
480 2471 654 2551 mutatum)
671 2471 855 2534 describam.

102 2574 168 2638 Hic
189 2581 297 2639 autem
318 2575 396 2638 mihi
418 2575 513 2639 liceat
535 2576 575 2637 de
595 2574 830 2638 collectionibus
852 2597 923 2659 quae
944 2575 1155 2640 Bibliotheca-

56 2698 130 2740 rum
159 2678 295 2741 Patrum
323 2677 448 2740 nomine
479 2676 703 2753 inscribuntur,
734 2677 880 2760 quaedem
908 2677 1007 2740 fusius
1040 2678 1154 2742 dicere.

57 2779 265 2864 Marpesiam
281 2779 318 2844 de
339 2780 371 2843 la
384 2779 493 2864 Bipna,
510 2779 563 2864 qui
577 2778 697 2863 primus
712 2778 773 2842 hac
787 2778 991 2864 inscriptione
1005 2802 1081 2844 usus
1094 2787 1154 2858 est,

56 2903 150 2946 suam
171 2880 403 2945 Bibliothecam
426 2883 562 2946 Patrum
585 2880 619 2943 in
640 2888 745 2944 tomos
767 2888 841 2945 octo
865 2883 1049 2949 distinctam
1071 2906 1156 2948 anno

56 3005 211 3060 mcxxv,
227 2989 325 3067 atque
349 2983 490 3066 ejusdem
507 2983 725 3067 Appendicem
747 3006 831 3048 anno
853 3009 1008 3049 1111111111.
1025 2986 1158 3050 Parisiis

56 3085 92 3148 in
106 3085 209 3148 lucem
223 3084 333 3148 edidit.
366 3085 506 3148 &caedo
520 3085 726 3149 Bibliothecae
742 3087 877 3150 Patrum
897 3088 1078 3172 Bigneeanae
1093 3088 1156 3151 edi-

56 3187 116 3264 tio,
139 3185 173 3249 in
197 3208 310 3250 novem
334 3193 439 3250 tomos
462 3186 643 3266 distributa,
668 3189 807 3252 numeris
830 3195 863 3252 ct
886 3189 989 3252 modis
1012 3189 1157 3253 omnibus

56 3291 253 3375 locupletata
274 3312 312 3354 ac
332 3290 498 3374 castigata,
514 3296 552 3353 ut
569 3290 647 3354 dicit
666 3290 781 3366 editor,
797 3312 836 3353 ac
851 3297 937 3353 certe
951 3312 1032 3354 novo
1047 3292 1157 3355 ordine

56 3393 222 3477 disposita,
245 3415 330 3456 anno
350 3415 527 3457 unmmx.
547 3392 653 3456 lucem·
670 3392 828 3476 publicam
850 3392 1006 3475 adspexit.
1054 3394 1158 3457 Tacta

57 3495 158 3561 editio
184 3519 255 3581 quae
280 3518 364 3560 anno
388 3519 496 3560 1111111.
521 3496 650 3581 prodiit,
675 3493 853 3558 Auctuario
877 3493 1071 3577 locupletata
1097 3502 1155 3559 est.

57 3598 238 3682 Scriptores
257 3598 291 3660 in
312 3598 363 3662 his
384 3599 590 3663 Bibliothecis
605 3599 740 3661 Patrum
764 3596 996 3660 Parisiensibus
1015 3598 1157 3660 conteuti

52 3700 151 3784 juxta
165 3707 270 3764 certas
287 3700 494 3764 materiarum
515 3701 631 3764 classes
653 3699 848 3784 digeruntur.
895 3697 958 3761 Sed
972 3696 1157 3761 Bibliotheca

56 3803 194 3865 Palmae
212 3802 393 3866 bombacis
407 3804 447 3866 de
462 3825 525 3887 qua
535 3804 605 3887 jam
618 3802 811 3886 loquendum
830 3807 888 3877 est,
904 3799 1047 3862 ordinem
1061 3820 1157 3862 saecu·

56 3905 161 3967 lorum
185 3904 299 3988 quibus
321 3904 500 3989 Scriptores
523 3905 679 3980 vixerunt,
706 3902 891 3966 observavit.
937 3901 1018 3963 Haec
1041 3900 1157 3963 Biblio

56 4006 154 4069 theca
181 4005 216 4067 in
244 4012 349 4069 tomos
375 4005 614 4091 quatuordeeim
639 4004 820 4081 distributa,
852 4025 950 4087 opera
983 4008 1016 4065 et
1052 4002 1158 4066 studio

59 4107 293 4193 Theologorum
320 4130 359 4173 ao
388 4109 609 4173 Professorum
637 4104 870 4170 (boloniensium
900 4105 995 4181 edita,
1020 4103 1159 4168 Coloniae

59 4209 256 4295 Agrippinae,
268 4232 352 4274 anno
367 4234 520 4274 uncxmn.
536 4209 654 4296 prodiit
667 4235 677 4284 ;
701 4216 799 4294 atque
814 4230 898 4271 anno
912 4231 1053 4271 1110111111.
1069 4214 1158 4271 tomo

60 4312 183 4376 decimo
205 4312 326 4396 quinto,
342 4313 407 4378 sive
431 4313 667 4398 supplemento,
687 4312 736 4377 vel
759 4311 944 4396 Appendice
963 4309 1158 4396 locupletata
