2790 4958
253 318 317 383 170
545 318 676 383 Balazii
691 317 1065 384 ctMonaiMieoellarwo.

1298 493 1319 541 Ρ
1349 526 1357 539 .

255 573 332 631 Acta
344 573 375 629 in
389 572 522 630 Concilio
536 573 710 631 Tridentino
725 593 811 652 super
825 573 996 645 Quaestione
1015 573 1052 634 de
1071 573 1257 634 immaculata
1319 508 1350 556 ⁸8

296 669 493 747 Conceptione
508 670 544 726 Β.
560 669 604 726 Μ.
621 669 661 729 V.
1299 691 1356 747 300

256 766 400 825 Miracula
415 766 450 823 Β.
466 766 590 824 Martini
604 778 670 845 post
684 767 748 844 ejus
762 767 980 827 Reversionem.
1287 769 1356 829 ibid.

300 943 581 1008 Monumentorum
608 943 777 1008 Sacrorum
803 944 975 1032 Appendix
1001 945 1138 1012 Joannis
1152 947 1314 1012 Dominici

627 1047 751 1125 Mansi‚'
766 1047 800 1112 (l.
817 1049 866 1110 M.
883 1048 925 1112 D.
942 1049 979 1113 L.

256 1185 398 1261 Ejusdem
412 1185 509 1242 Mansi
524 1185 554 1242 in
569 1185 708 1243 Veterem
722 1185 863 1244 Ordinem
879 1187 1075 1245 Praemonitio.
1295 1204 1353 1262 307

257 1281 438 1359 Litargicum
452 1281 636 1359 Opusculnm
652 1292 809 1340 vetustum.
1298 1285 1356 1359 308

255 1380 276 1437 J
278 1379 378 1437 oannis
393 1377 540 1436 Dominici
555 1378 653 1436 Mansi
669 1379 865 1437 Praemonitio.
1297 1401 1354 1458 335

256 1477 345 1534 Liber
360 1475 536 1533 Divinorum
551 1476 682 1554 Operum
697 1478 747 1534 &o
763 1476 1040 1536 S.H1nossn1an1s
1297 1479 1358 1553 336

256 1573 406 1631 Monitum
422 1572 457 1630 ad
471 1572 618 1631 Lectores.
1296 1593 1354 1650 452

257 1669 412 1727 Sermones
427 1671 455 1726 S.
467 1669 600 1726 Mnxmss
616 1670 764 1749 Episcopi.
1285 1673 1355 1730 ibid.

257 1765 412 1824 Sermones
427 1766 624 1824 Hieronem
641 1767 780 1847 Episcopi
794 1766 922 1826 Aretini.
1296 1788 1356 1844 454

256 1864 287 1921 J.
303 1863 341 1919 D.
358 1863 455 1920 blansi
472 1863 668 1921 Praemonitio.
1297 1868 1356 1940 560

257 1960 403 2019 Arroms
417 1960 608 2019 Vercellensis
622 1960 762 2040 Episcopi
778 1962 927 2040 Opuscula
941 1962 1072 2039 quaedam
1087 1963 1249 2022 Anecdota.
1299 1966 1352 2038 561

258 2058 392 2115 Precatio
406 2057 443 2115 ad
457 2057 663 2114 Probationem
679 2057 864 2116 Canonicam.
1299 2076 1355 2135 575

258 2153 399 2232 Anonymi
420 2153 522 2211 Sermo
541 2153 571 2210 in
591 2152 681 2211 Festo
696 2153 907 2213 Translationis
923 2155 1086 2234 Corporum
1105 2155 1159 2213 SS.
1174 2157 1254 2213 Mar-

298 2261 396 2328 tyrum
412 2249 527 2328 Reguli,
540 2249 665 2317 Jasonis,
682 2250 781 2307 Mauri
796 2262 883 2328 atque
897 2253 999 2311 Ilariae.
1286 2253 1356 2311 ibid.

259 2346 399 2425 Anonymi
413 2346 516 2405 Sermo
534 2347 564 2403 in
582 2344 790 2405 Anniversario
804 2348 994 2407 dedicationis
1009 2349 1082 2426 Maj.
1098 2349 1179 2408 Eccl.
1193 2350 1255 2407 Lu.

298 2464 375 2502 cens.
390 2445 421 2501 in
436 2443 573 2502 honorem
591 2445 619 2501 S.
632 2444 755 2501 Martini
770 2444 880 2504 dicatae.
1299 2448 1358 2521 576

257 2542 286 2599 J.
301 2541 340 2597 D.
357 2540 455 2598 Mansi
470 2541 665 2598 Praemonitio.
1299 2559 1356 2618 577

259 2637 377 2694 Statuta
391 2639 510 2714 antiqua
524 2637 678 2695 Societatis
692 2637 823 2696 Aretinae
837 2638 921 2697 dictae
936 2639 972 2697 de
986 2637 1123 2696 Murello.
1288 2641 1359 2701 ibid.

259 2734 460 2791 Bonncconm
482 2734 519 2791 de
541 2733 709 2792 Mediolano
728 2746 828 2793 contra
843 2737 983 2794 Catharos
998 2737 1101 2812 Capita
1114 2738 1256 2814 quaedam,

298 2851 363 2907 quae
377 2851 436 2887 non
449 2829 588 2907 leguntur
602 2832 633 2888 in
647 2831 805 2910 Spicilegio
820 2832 965 2890 Dacherii.
1300 2836 1357 2912 581

258 2929 288 2986 J.
307 2928 343 2984 D.
360 2927 457 2984 Mansi
473 2927 508 2984 ad
525 2928 672 2986 Lectores.
1300 2953 1359 3009 590

258 3025 337 3083 Acta
352 3024 463 3082 Praevia
476 3024 513 3082 ad
527 3026 753 3084 subtractionem
772 3026 944 3085 obedientiae
958 3029 1042 3087 factae
1056 3050 1072 3086 a
1089 3029 1256 3088 Cardinob'.

300 3124 353 3181 dur
366 3122 518 3181 Benedicti
534 3123 626 3181 XIII.
1288 3129 1359 3189 ibid.

259 3220 403 3298 Dialogus
417 3231 518 3279 contra
533 3220 703 3280 Fraticellos
718 3221 750 3280 S.
762 3221 783 3278 J
784 3223 865 3281 acobi
880 3223 916 3282 de
931 3224 966 3280 M
968 3243 1042 3280 arca.
1300 3242 1359 3302 595

682 3391 839 3456 TOMUS
863 3391 927 3456 III.

610 3503 706 3566 Anno
721 3526 874 3566 moocnxn.
891 3502 1003 3566 editus.

360 3630 519 3694 Elenohus
533 3651 651 3709 eorum,
669 3652 738 3714 quae
753 3629 786 3692 in
801 3629 911 3694 Tertio
926 3630 1027 3693 Tomo
1042 3629 1257 3695 contine-ntur.

260 3771 435 3846 Fragmenta
450 3766 649 3846 Epistolarum
666 3766 801 3824 Gramen
817 3765 842 3823 1.
860 3767 967 3825 Paret.
1343 3791 1354 3827 1

259 3861 401 3940 Epistulae
416 3860 546 3919 Vrornn
562 3860 667 3917 Parm.
1287 3867 1358 3925 ibid.

260 3961 435 4036 Fragmenta
450 3955 649 4034 Epistolarum
666 3956 801 4015 Pernen
817 3956 843 4014 I.
860 3956 966 4015 PAPAE.
1342 3983 1356 4020 2

260 4056 436 4133 Fragmenta
451 4053 649 4131 Epistolarum
665 4053 801 4112 Pennen
817 4054 860 4111 II.
877 4055 983 4113 Parm.
1340 4080 1356 4136 3

259 4151 395 4229 Epistola
408 4149 554 4207 Annmnr
570 4149 596 4207 I.
612 4149 704 4207 Pnrn.
718 4151 754 4209 ad
770 4149 930 4209 Fulradum
945 4163 974 4210 et
989 4152 1204 4230 Magenarium.
1288 4159 1355 4218 ibid.

260 4248 350 4325 Popae
365 4248 524 4328 crp‘rcadom,
539 4247 615 4304 forte
636 4247 766 4324 ejusdem
781 4248 913 4318 Adriani,
926 4249 1015 4307 Bulla
1030 4250 1065 4310 de
1080 4253 1264 4314 concessione

300 4344 383 4402 fundi
397 4343 551 4422 Apaniani.
1289 4353 1353 4411 ibid.
