2790 4958
314 300 1106 369 anmmadrammamama.
1238 301 1260 367 7

153 473 320 533 Tramlatio
332 474 410 533 beati
427 474 541 533 Nicasii
553 473 695 553 Martyris
709 474 921 552 Sociornmque
933 474 1006 550 ejus.
1175 474 1250 549 1677

152 570 257 630 Sermo
270 571 300 627 in
310 570 485 629 Festivitate
497 570 670 629 Sanctorum
685 591 809 646 quorum
819 570 965 648 Reliquias
978 571 1008 629 in
1019 570 1151 631 Ecclesia

193 662 224 721 S.
234 661 372 720 Andoeni
388 663 632 741 Rothomagensis
645 664 841 740 requiescunt.
1174 666 1246 724 1681

150 757 308 818 Adventus
322 758 353 817 S
366 758 484 829 Quirini
499 761 638 838 Martyris
652 759 731 837 apnrl
745 759 1005 821 Malmnndarium.
1174 763 1251 825 1686

150 854 937 917 111οΗ01νεί81111111111010111111011011111
1174 858 1249 935 1689

149 953 222 1012 Vita
247 954 279 1012 S.
298 955 318 1012 J
320 953 443 1012 ohannis
466 951 679 1010 valentinensis
700 952 837 1033 Episcopi
855 939 939 1012 *edita
966 973 983 1011 a
1010 952 1150 1033 magistro

191 1050 352 1109 Grusuno.
1173 1051 1248 1128 1693

148 1147 196 1205 De
216 1146 294 1205 felici
310 1148 402 1206 Obitu
416 1145 583 1224 Angeluciae
596 1144 718 1223 virginis
735 1145 961 1205 sanctimonialis
976 1146 1147 1205 Fontebral.

190 1242 297 1302 densis.
1172 1260 1247 1320 1703

148 1340 222 1398 Vita
237 1339 376 1419 Hugonis
389 1340 515 1399 Abbatis
529 1339 761 1400 Marchianensis
782 1352 901 1399 auctore
921 1360 1065 1420 anonymo
1085 1340 1149 1418 ejus

190 1438 342 1519 discipulo.
1173 1453 1250 1517 1709

149 1533 251 1593 Passio
271 1535 303 1594 S.
314 1536 435 1593 Thomas
450 1533 590 1612 Martyris
601 1533 818 1593 cantuariensis
836 1532 1057 1615 Archiepisoopi
1070 1534 1150 1595 edita

192 1656 209 1694 a
223 1633 360 1711 magistro
375 1633 544 1692 Evaaano.
1172 1648 1247 1709 1737

148 1731 222 1791 Vita
241 1730 272 1789 S.
285 1729 435 1788 Edmundi
455 1727 672 1787 cantuariensis
692 1727 899 1807 archiepiscopi
920 1737 1038 1788 auctore
1059 1727 1146 1788 Baa-

190 1845 319 1886 rrmuno
333 1826 435 1883 Priore
450 1824 682 1883 Pontiniacensis
696 1823 878 1882 Monasterii.
1174 1842 1205 1902 ¹7
1210 1842 1245 1902 51

147 1926 252 1984 Sermo
266 1921 439 1982 venerabilis
450 1922 603 1979 1111111111
615 1919 837 1998 Archiepiscopi
852 1919 984 1978 Livoniae
998 1919 1029 1978 in
1039 1920 1147 1980 Trans-

187 2023 297 2082 latione
319 2023 348 2080 S.
367 2019 520 2079 Edrnundi
541 2018 759 2097 Archiepiscopi
778 2017 996 2077 cantuariensis
1017 2028 1047 2080 et
1068 2019 1147 2079 con-

188 2117 315 2178 fessoris.
1170 2116 1246 2191 1817

148 2211 293 2290 Prologus
307 2211 338 2268 in
350 2209 511 2269 Historiam
524 2208 762 2267 canonizationis
776 2219 807 2267 et
816 2208 1028 2271 Translationis
1039 2211 1071 2271 S.
1082 2211 1145 2271 Ed·

188 2308 291 2367 mundi
305 2306 523 2365 cantuariensis
533 2305 754 2385 Archiepiscopi
768 2316 798 2365 et
812 2307 1004 2367 confessoris.
1170 2313 1241 2389 1831

147 2404 284 2464 Historia
298 2403 537 2462 cnuonizationis
553 2402 584 2460 S.
597 2400 748 2460 Edmundi
764 2403 982 2462 Cantuariensis
993 2403 1147 2486 Archiepi·

188 2502 268 2581 scopi
282 2511 313 2559 et
328 2499 518 2558 confessoris.
1173 2504 1246 2581 1835

147 2598 304 2656 Tractatns
319 2596 355 2654 de
368 2595 564 2653 Promissione
579 2594 616 2653 B.
625 2594 745 2653 Thomas
758 2594 909 2672 Martyris,
920 2594 1057 2656 videlicet
1070 2599 1149 2676 quod

187 2693 256 2753 talis
273 2704 349 2752 esset
370 2692 424 2751 sibi
445 2677 629 2751 successurus
647 2691 698 2768 qui
713 2691 852 2750 Ecclesiae
867 2691 1084 2754 Pontiniacensi
1101 2715 1148 2755 re-

188 2800 387 2869 compensaret
409 2809 462 2867 pro
486 2787 721 2847 Liberalitatibus
744 2789 800 2847 sibi
820 2789 965 2869 Tempore
989 2791 1035 2851 sui
1055 2791 1148 2851 Exilii

189 2887 343 2967 Impensis.
1171 2888 1246 2964 1873

146 2984 237 3042 Liber
251 2981 461 3043 Miraculorum
477 2980 514 3038 B.
524 2979 675 3038 Edmundi
689 2981 905 3061 archiepiscopi
920 2992 950 3041 et
961 2982 1153 3044 confessoris.
1171 2986 1243 3043 1881

147 3080 290 3161 Epistolae
304 3079 390 3137 varia
404 3078 440 3139 ad
453 3077 613 3137 Historiam
629 3077 659 3135 S.
670 3077 822 3136 Edmundi
834 3078 1052 3139 cantuariensis
1065 3100 1147 3159 speo-

187 3188 293 3237 tantes.
1170 3178 1246 3257 1897

147 3275 217 3333 Vita
232 3274 263 3332 S.
275 3271 406 3351 Philippi
420 3271 641 3350 Archiepiscopi
656 3270 857 3330 Bituricensis.
1171 3292 1245 3352 1927

147 3371 221 3431 Vita
234 3370 255 3428 J
256 3387 349 3430 soom
359 3371 455 3428 canu
465 3367 686 3448 Archiepiscopi
696 3367 876 3427 Turonensis
889 3369 925 3427 ab
939 3369 1064 3449 ipsomet
1078 3390 1147 3430 con·

228 3470 344 3548 aspa.
1170 3485 1245 3545 Ι911

190 3629 263 3694 Νο1
285 3628 434 3712 estquod
449 3628 568 3691 Tomus
583 3625 732 3707 Quartus,
749 3625 803 3709 qui
825 3624 902 3688 nihil
925 3624 986 3688 nisi
1004 3645 1056 3689 res
1071 3626 1246 3713 Synodioas

143 3731 297 3810 continet,
312 3752 370 3794 nos
385 3735 535 3794 moretur.
581 3728 666 3793 Satis
681 3727 742 3791 erit
756 3728 886 3792 titulum
900 3727 1095 3792 describere:

145 3939 368 4010 Τ111111111
402 3934 536 4006 Novus
563 3932 865 4003 Auacnoroaurr.
916 3930 1048 3999 Tamus
1079 3930 1245 4019 Quartus,

222 4057 259 4125 in
293 4078 363 4146 quo
398 4053 625 4123 continentur
654 4050 766 4121 Varia
792 4046 962 4129 concilia,
990 4046 1245 4142 Episcoporum

222 4170 368 4241 Statuta
403 4166 603 4261 Synodalia,
639 4165 829 4236 illustrium
864 4161 1165 4235 Mouasteriorum
1205 4190 1247 4237 ac

222 4285 547 4377 congregationum
572 4282 669 4352 edita
698 4281 894 4373 praesertim
920 4280 957 4350 in
983 4277 1157 4372 Capitulis
1186 4305 1247 4375 ge·

222 4400 399 4472 neralibus
417 4399 583 4469 Decreta.

665 4531 717 4587 1³4
