2790 4958
234 298 278 359 30
520 296 609 359 Przie'
634 295 805 360 Thesaurus
826 296 1057 360 Amodotororrr.

239 463 396 521 Ausemss
419 463 557 543 Episcopi
580 462 822 542 Havelbergensis
844 464 918 523 Ord.
934 464 1007 523 Cen.
1024 463 1098 542 leeg.
1121 463 1153 522 S.
1167 462 1232 521 Au·
1286 477 1339 528 cot

278 560 388 637 gustini
403 560 490 618 Liber
506 559 542 618 de
556 558 667 618 Ordine
682 559 895 618 canonicorum
911 559 1111 638 Regulan'um.
1300 574 1336 636 73

239 654 369 714 Atonnr
390 676 440 714 seu
456 656 641 721 Aonnonnr,
657 656 797 715 Monacbi
813 655 1013 715 Cluniacensis
1027 654 1100 714 Ord.
1117 656 1148 715 S.
1160 656 1234 714 Ben.

279 753 412 812 Libellus
426 752 463 813 de
475 754 585 812 Libero
598 753 737 811 Arbitrio.
1280 772 1335 810 111

240 849 458 909 Euonnnnnrr
480 848 606 909 Abbatis
627 848 838 908 Admontensis
855 848 928 907 Ord.
944 848 975 907 S.
991 849 1065 908 Ben.
1081 849 1236 908 Tractatus

279 947 317 1006 dc
330 948 438 1006 Libero
452 946 594 1005 Arbitrio.
1283 964 1339 1025 119

240 1045 410 1104 somnum
441 1046 582 1104 Certusiae
616 1045 684 1102 olim
715 1043 900 1113 Dolonemis,
928 1063 1006 1101 nunc
1034 1042 1238 1103 olomucensis

280 1143 365 1221 primi
382 1143 491 1201 Prioris
505 1142 637 1201 Medulla
652 1142 756 1201 Tritici
772 1163 823 1200 seu
838 1140 1080 1199 Antivvikleffus.
1281 1160 1339 1219 149

241 1239 379 1319 Ejusdem
395 1239 584 1298 Antihussus.
1278 1241 1335 1315 361

241 1336 381 1415 Ejusdem
402 1335 544 1413 Dialogus
558 1335 697 1394 Volatilis
721 1336 798 1394 inter
820 1335 934 1392 Ancum
959 1344 990 1392 et
1013 1335 1162 1394 Passerem
1187 1335 1238 1394 ed·
1296 1370 1299 1374 >

280 1452 381 1490 versus
396 1433 539 1491 Hussum.
1277 1435 1342 1508 431

242 1531 378 1609 Ejusdem
392 1531 481 1588 Liber
496 1529 671 1608 Epistoluris
685 1527 950 1607 Quinquepertitus
964 1527 1001 1585 nd
1016 1527 1163 1586 Hussitas.
1278 1548 1337 1605 503

655 1740 818 1803 PARTE
852 1738 920 1802 Ill.

240 1876 399 1936 Luoovrcr
415 1878 545 1937 Senioris
564 1878 701 1936 Monochi
723 1889 753 1936 et
768 1877 892 1935 Diaconi
912 1876 945 1935 S.
960 1876 1112 1954 Laurentij
1128 1877 1233 1936 Leodi.

281 1974 358 2032 ensis
381 1973 453 2032 Ord.
475 1975 506 2034 S.
522 1975 633 2033 Bened.
658 1975 808 2053 Scriptum
826 1972 863 2031 de
877 1970 1016 2030 Adventu
1034 1971 1234 2050 Reliquierum
1375 2034 1378 2040 ,

282 2068 317 2125 Β.
334 2070 486 2147 Laurentij
502 2070 644 2148 Martyris
659 2070 760 2127 Romae
774 2069 928 2127 Leodium.
1324 2092 1334 2128 1

242 2163 277 2220 B.
292 2165 457 2249 Jonduurs
471 2166 609 2224 Monechi
630 2166 661 2224 S.
675 2165 828 2242 Laurentij
843 2165 1014 2224 Leodiensis
1029 2164 1102 2223 Ord.
1118 2166 1149 2225 S.
1162 2167 1235 2225 Ben.

283 2261 368 2320 Visio
390 2263 491 2321 Status
512 2263 686 2320 Animarum
711 2272 777 2340 post
797 2260 934 2327 Mortem,
953 2272 983 2319 et
1005 2261 1182 2320 Mirnculum
1205 2262 1235 2321 S.

281 2358 436 2436 Laurentij
450 2359 601 2438 Martyris.
639 2414 641 2420 r
1321 2377 1338 2435 5

242 2452 391 2515 Remum
413 2456 551 2515 Momchi
573 2455 605 2514 S.
619 2453 772 2531 Lumentij
791 2454 963 2513 Leodicnsis
986 2455 1058 2513 Ord.
1079 2454 1110 2513 S.
1125 2456 1236 2515 Bened

282 2552 319 2610 de
333 2553 416 2612 cleris
432 2553 630 2633 Scriptoribus
643 2551 815 2629 Monosterij
831 2551 876 2610 sui
889 2551 997 2610 Libelli
1013 2550 1074 2609 111.
1303 2572 1338 2628 17

241 2650 381 2729 Ejusdem
402 2651 433 2708 in
447 2651 563 2709 Novem
584 2659 652 2707 ante
672 2646 831 2706 Natalitias
845 2645 1041 2726 Antiphonem
1057 2649 1094 2707 sb
1108 2648 1136 2707 O
1151 2669 1235 2708 exor-

282 2748 395 2806 dientes
409 2746 633 2804 commentatio·
1300 2768 1316 2822 5
1321 2767 1337 2821 3

241 2844 381 2918 Ejusdem
408 2841 566 2922 Speculum
594 2840 784 2919 poenitentiae,
814 2860 865 2898 seu
893 2839 929 2899 de
945 2840 1018 2899 Vita
1046 2840 1077 2899 S.
1098 2841 1236 2920 Pelngiae,

282 2940 365 2997 Libri
379 2940 422 2997 11.
1298 2942 1340 3016 69

241 3037 380 3115 Ejusdem
408 3035 585 3094 Palmarium
610 3034 768 3112 Virginnle,
797 3054 848 3094 seu
882 3034 919 3094 de
947 3035 1016 3093 Vita
1046 3049 1077 3093 et
1098 3035 1237 3095 Passione

283 3133 398 3192 Sanctae
414 3133 519 3190 Mariae
534 3131 666 3209 Virginis
679 3130 861 3210 Cappadocis
873 3131 956 3190 Libri
970 3132 1014 3190 ll.

243 3231 380 3309 Ejusdem
401 3229 472 3288 Flos
486 3228 598 3295 Eremi,
612 3248 665 3287 seu
686 3227 723 3286 de
744 3227 805 3286 vite
826 3227 860 3286 S.
872 3227 1033 3286 Theobatdi
1049 3227 1189 3287 blonaohi
1206 3240 1237 3287 et

283 3326 422 3386 Eremitoe
436 3325 518 3384 Libri
532 3326 576 3384 11.
1299 3344 1337 3404 95

243 3421 380 3499 Ejusdem
394 3420 431 3479 de
445 3419 592 3478 conflictu
606 3419 730 3478 duorum
741 3419 871 3486 Ducum,
885 3432 915 3480 et
925 3419 1096 3479 Animarum
1111 3422 1236 3481 mirabili

283 3515 474 3576 Revelntione
493 3535 527 3574 ac
547 3515 583 3574 de
600 3515 699 3574 Milite
720 3516 834 3594 captivo
855 3536 907 3594 per
927 3515 1081 3575 salutarem
1098 3517 1236 3577 Hostium

281 3612 404 3672 liberato
418 3612 525 3671 Libelli
538 3612 651 3671 metrici
666 3612 709 3669 ll.
1281 3635 1339 3692 109

241 3709 382 3788 Ejusdem
399 3708 436 3767 de
449 3708 591 3768 Adventu
607 3707 807 3786 Reliquinrnm
831 3707 862 3766 S.
878 3709 1030 3787 Laurentij
1052 3710 1147 3769 Roma
1159 3712 1236 3771 Leo·

282 3806 363 3864 dium
376 3806 466 3864 Liber
480 3805 618 3864 metricus
631 3825 697 3864 cum
717 3804 781 3863 eliis
802 3804 907 3864 diversi
921 3806 1035 3881 generis
1049 3807 1234 3867 Carminibus

281 3912 311 3960 et
326 3900 602 3980 Epigrammatibus.
1282 3925 1335 3964 121

240 3998 380 4077 Ejusdem
396 3997 594 4076 Triumphalis
609 3997 746 4056 Bidonici
761 3997 868 4057 Libelli
885 3997 923 4055 V.
1285 4020 1339 4080 129

240 4094 381 4174 Ejusdem
395 4094 468 4152 Vite
482 4093 608 4152 Evrechi
624 4094 723 4153 XLV.
738 4094 878 4174 Episcopi
892 4095 1071 4155 Leodiensis.
1282 4116 1337 4176 155

240 4191 382 4270 Ejusdm
395 4190 469 4250 Vits
483 4190 641 4268 Rego'ncrdi
655 4189 727 4250 Lml.
743 4192 884 4270 Episcopi
898 4192 1079 4253 Leodiensis.
1282 4196 1337 4272 167

240 4288 380 4368 Ejusdem
391 4286 482 4345 Liber
493 4285 529 4344 de
539 4287 617 4344 Casu
629 4285 775 4345 Fulminis
789 4307 876 4366 snper
887 4287 1048 4347 Ecclesiam
1061 4291 1236 4368 Monosterij

280 4383 334 4442 sui.
1281 4389 1337 4464 187
