2790 4958
228 311 271 376 το
585 307 736 372 nnana·
758 307 965 392 ammian.

1271 477 1332 539 Peg.

230 562 415 620 Luuovrcus
430 561 489 621 lX.
501 561 681 620 Francorum
693 561 760 620 Rex
772 559 981 619 cenomaniam
995 571 1025 618 et
1036 557 1232 636 andegaviam

274 659 380 716 Carolo
393 658 476 716 fratri
492 656 602 716 Comiti
617 657 778 715 Provinciae
792 656 852 715 dat.
1238 692 1241 697 -
1264 655 1336 715 ibid.

234 755 356 813 Pactum
377 754 485 812 initum
506 754 584 813 inter
604 754 717 821 fratres,
734 753 893 831 Hugonam
913 752 1093 831 Episcopum
1108 751 1235 811 Clarom.

275 852 474 910 Humbertum
496 849 642 926 Bellijoci,
663 849 822 908 Arbertum
846 849 883 907 de
903 849 1008 917 Turre,
1024 862 1054 908 et
1076 848 1234 927 Hugonam

158 987 164 1000 ·
275 949 476 1008 senescalcum
491 947 729 1025 Lugdunensem,
745 947 798 1005 &c
1274 945 1334 1019 623

235 1045 417 1104 Humbcrtus
432 1043 566 1120 Bellijoci
582 1043 785 1102 Eliaabetham
804 1041 904 1108 filiam,
919 1041 1036 1101 viduam
1049 1042 1179 1102 Simonis
1197 1043 1234 1102 de

275 1143 363 1210 Luni,
379 1140 534 1200 Ruinaudo
549 1139 585 1199 de
600 1139 720 1198 Foresio
733 1149 859 1217 nuptum
874 1138 934 1197 dat.
1263 1137 1335 1201 ibid.

235 1239 359 1298 Onosis
382 1237 521 1317 Episcopi
547 1235 708 1295 Tusculani
733 1233 868 1314 Epistola
891 1234 929 1292 ad
952 1234 1156 1294 Innocentium
1176 1236 1233 1295 Pa·

277 1354 342 1413 pam
358 1333 415 1392 IV.
1275 1334 1337 1406 624

209 1465 212 1469 >
236 1431 278 1489 H.
295 1431 434 1510 Episcopi
450 1429 643 1488 Massiliensis
658 1429 793 1508 Epistola
806 1427 844 1485 ad
857 1427 1001 1486 eumdem.
1273 1429 1336 1488 638

234 1527 371 1586 Tnomas
392 1527 557 1607 Episcopus
578 1525 826 1585 wratislaviensis
846 1525 1007 1583 Monachos
1028 1518 1235 1584 cistercienses

275 1624 428 1684 constituit
442 1625 474 1681 in
489 1623 672 1683 Monasterio
686 1623 722 1681 da
737 1622 884 1681 Caments.
1264 1622 1335 1687 ibid.

139 1735 144 1744 “
234 1722 423 1781 Innocanrn
439 1721 532 1780 Pana
554 1720 611 1780 IV.
632 1720 766 1800 Epistola
790 1719 826 1777 sd
853 1719 1041 1797 Episcopum,
1064 1718 1235 1778 Clerumet

276 1818 424 1898 Populum
439 1817 547 1876 Insulas
562 1817 780 1893 Majoricarum.
1275 1816 1336 1892 629

234 1917 375 1996 Ejusdem
390 1915 526 1995 Epistola
539 1917 575 1974 ab
588 1914 735 1973 Abbatem
750 1914 923 1972 Monasterii
940 1912 1068 1991 Regalis.
1262 1914 1335 1981 ibid.

235 2015 256 2072 J
258 2024 443 2072 uramentum
457 2012 565 2070 civium
583 2010 792 2069 Parisiensium
807 2020 837 2069 et
851 2008 1212 2088 AcademiacParisienais.
1277 2012 1338 2085 630

233 2111 254 2169 J
256 2131 308 2169 ura
321 2121 352 2169 et
366 2109 516 2168 libertates
529 2107 723 2166 habitantium
737 2108 768 2164 in
782 2106 852 2165 villa
866 2107 903 2167 de
918 2106 1074 2187 Villereys.
1265 2108 1336 2168 ibid.

234 2208 354 2267 Statuta
377 2207 414 2265 ad
434 2204 650 2265 instaurandam
666 2203 860 2263 Monasticam
880 2204 1061 2284 disciplinam
1083 2204 1113 2262 in
1128 2205 1234 2264 Mona·

274 2304 363 2362 sterio
378 2304 410 2362 S.
422 2302 549 2361 Andreae
562 2301 786 2359 Avenionenais.
1013 2365 1018 2376 ,
1274 2303 1332 2378 631

233 2401 367 2460 Eduardi
393 2401 585 2480 Primogeniti
607 2400 698 2478 Regis
719 2399 880 2478 Anglorum
901 2400 1010 2459 Literoe
1030 2402 1236 2480 procuratorias

274 2499 311 2558 ad
336 2499 565 2567 contrahendum
590 2497 807 2556 matrimonium
830 2517 895 2555 cum
917 2497 1059 2556 Alienora
1079 2519 1177 2557 sorore
1194 2499 1254 2557 Re.

273 2598 317 2676 gis
332 2597 475 2657 Castelloe.
1275 2599 1334 2674 633

234 2695 433 2753 Annxannnr
450 2696 543 2753 Pana
563 2694 620 2753 IV.
637 2692 778 2773 Epistoloe
793 2693 850 2752 IV.
879 2692 915 2752 ad
936 2694 1120 2754 Ludovicum
1141 2695 1233 2754 Fran.

274 2812 374 2850 corum
389 2791 511 2870 Regem.
1261 2793 1334 2854 ibid.

233 2889 370 2967 Ejusdem
384 2887 527 2967 Epistola
541 2888 606 2946 duae
620 2888 657 2946 ad
672 2887 812 2946 Proelatos
827 2887 967 2948 Francia.
1232 2927 1235 2933 ·
1273 2891 1336 2966 634

234 2985 342 3045 Literae
363 2985 399 3044 de
419 2985 604 3043 matrimonio
620 2983 750 3064 Philippi
772 2984 825 3043 filii
847 2986 877 3043 S.
892 2986 1036 3045 Ludovici
1057 2996 1088 3046 et
1102 2987 1234 3047 isabellis

274 3081 341 3139 filiae
355 3081 458 3140 Jacobi
474 3081 564 3159 Regis
578 3082 759 3159 Aragonum.
1264 3084 1335 3145 ibid.

231 3176 417 3237 Lunovrcus
432 3177 490 3234 IX.
506 3177 657 3235 confirmat
673 3177 817 3255 judicium
833 3178 978 3258 prolatum
992 3179 1029 3238 ad
1043 3180 1234 3243 dirimendam

274 3273 356 3333 litem
378 3275 454 3333 inter
470 3275 628 3352 Hugoncm
643 3274 784 3333 Marchioe
799 3276 955 3343 Comitem,
970 3286 1000 3334 et
1015 3276 1139 3335 Petrum
1154 3277 1234 3336 Bau.

274 3372 390 3431 drandi.
1274 3379 1334 3454 635

234 3469 315 3527 Idem
329 3468 480 3528 confirmat
501 3468 713 3548 eleemosynam
733 3488 797 3547 quae
819 3470 954 3528 distribui
973 3470 1084 3530 solebat
1104 3482 1235 3550 tempore

275 3565 520 3644 Quadragesimoe‚
536 3586 568 3624 ac
582 3565 722 3624 nonnulla
736 3565 825 3624 donat
840 3567 1021 3626 DomuiDei
1034 3567 1201 3627 Parisieasi.
1263 3569 1335 3631 ibid.

234 3662 314 3720 Idem
327 3662 499 3721 mulieribus
513 3661 651 3741 Leprosis
665 3661 702 3719 de
716 3661 829 3720 Salceia
842 3663 1003 3731 confirmat,
1018 3684 1082 3742 qum
1096 3685 1113 3723 a
1127 3685 1235 3744 proavo

273 3779 327 3818 suo
341 3760 447 3817 donata
461 3759 588 3816 fuerant.
1274 3764 1336 3838 636

233 3857 409 3915 Aaraunns
433 3856 469 3913 de
496 3855 661 3914 Rossilione
684 3855 876 3914 Guillelmum
905 3856 998 3916 filium
1025 3877 1110 3916 suum
1136 3877 1233 3916 cusan·

231 3997 233 4003 -
274 3954 361 4032 cipat‚
377 3973 410 4012 ac
424 3953 518 4011 eidem
533 3954 777 4012 Castrumnovum
791 3954 891 4013 donat.
1262 3957 1334 4019 ibid.

233 4050 346 4109 Eidem'
354 4049 410 4107 alia
423 4049 523 4107 donat.
1274 4055 1334 4129 637

233 4147 454 4205 Testamentum
469 4145 635 4205 Rosununr
651 4146 687 4204 de
703 4147 796 4205 Podio
810 4146 880 4205 alto.
1263 4150 1334 4213 ibid.

231 4242 252 4300 J
254 4261 345 4302 soom
360 4241 530 4319 Aragonum
543 4243 633 4320 Regis
646 4253 864 4304 testamentum.
1217 4285 1220 4289 ,
1273 4248 1333 4322 638

231 4339 309 4399 Acta
322 4339 518 4398 translationis
535 4339 650 4397 Bracbii
666 4341 696 4398 S.
708 4340 989 4421 Jonas-Baptista
1004 4343 1189 4402 Cistercium.
1273 4347 1330 4419 641
