2790 4958
232 291 296 351 222
468 288 604 352 Fontani
619 289 717 350 Nove
731 287 935 351 Eruditnmn
948 287 1087 352 Deltae

272 460 392 518 Domini
427 459 547 516 Domini
583 458 804 536 Archiepiscopi
839 455 1085 535 Salaeburgeusis,
1115 477 1229 518 necnon

271 556 449 634 Apostolicae
471 555 554 614 Sedis
569 555 685 633 Legati,
705 552 886 613 Deliberatio
907 564 937 613 et
957 553 1116 613 Consilium
1132 555 1230 613 Stadii

276 652 451 718 Viennensis,
467 669 554 725 1442.
1187 650 1260 729 Peg.
1275 666 1328 726 17¹

230 747 384 808 Refutatio
398 748 541 806 Errorum
561 746 738 806 inclusorum
758 748 789 805 in
803 746 909 807 litteris
922 747 1016 806 missis
1030 747 1149 806 abalim
1164 748 1228 805 Eu-

270 844 357 922 genio
386 843 577 903 Universitati
604 843 761 901 Parisiensi
789 853 890 902 contre
917 844 1036 902 Sacrum
1061 843 1229 903 Basileense

271 941 445 1000 Concilium.
1171 975 1174 980 ·
1275 941 1332 1016 178

231 1038 444 1115 compendium
459 1037 604 1116 quoddam
619 1056 672 1116 pro
686 1037 707 1095 J
709 1036 902 1096 ustificetione
918 1036 1041 1096 Consilii
1055 1036 1229 1097 Besileensis

271 1145 371 1193 contra
385 1133 454 1191 olim
471 1134 648 1211 Eugenium.
1275 1135 1333 1210 189

230 1232 250 1290 J
252 1231 460 1291 ustificationes
474 1231 674 1308 Depositionis
688 1229 758 1287 olim
773 1230 901 1308 Eugenii
915 1251 932 1288 a
946 1231 1061 1310 Papatu
1075 1232 1158 1290 fectae
1176 1251 1228 1311 per

272 1330 389 1386 Sacrum
406 1328 573 1386 Basileense
587 1326 759 1384 Concilium.
1272 1344 1333 1402 209

230 1425 280 1482 Ex
300 1423 430 1483 Consilio
456 1422 658 1482 Universitatis
677 1421 844 1480 Viennensis
865 1421 934 1480 dato
955 1421 1083 1480 Domino
1104 1419 1228 1482 Archie-

270 1521 389 1600 piscopo
405 1519 638 1598 Salzeburgensi,
654 1538 730 1577 anno
748 1536 833 1592 1440.
1273 1538 1332 1597 219

153 1614 155 1618 ’
230 1615 280 1674 Ex
294 1616 424 1675 Consilio
445 1615 647 1675 Universitotis
662 1613 863 1694 Effosdiensis
876 1612 944 1673 dcto
962 1612 1089 1673 Domino
1103 1613 1227 1674 Archie·

269 1711 387 1792 piscopo
402 1712 591 1790 Moguntino,
606 1732 682 1770 anno
698 1729 783 1785 1440.
1272 1731 1327 1771 221

229 1807 279 1866 Ex
299 1808 430 1868 Consilio
450 1807 653 1867 Universitntis
668 1807 844 1867 Coloniensis
866 1808 935 1867 dato
957 1809 1086 1868 Domino
1105 1808 1226 1869 Arclrie·

269 1903 388 1983 piscopo
403 1903 579 1972 Coloniensi,
593 1925 669 1963 suno
688 1922 773 1979 1440.
818 1963 820 1968 ,
1272 1924 1328 1964 222

230 2001 280 2058 Ex
295 2001 479 2059 Tractatibus
498 2001 700 2060 Universitatis
713 2002 912 2061 cracoviensis
925 2002 1021 2061 missis
1029 2003 1158 2061 Domino
1168 2001 1227 2061 Ar·

270 2097 453 2177 chiepiscopo
466 2097 650 2156 cracoviensi
669 2098 799 2176 ejusdem
819 2098 1026 2157 Universitatis
1039 2098 1226 2169 Cancellsrio‚

270 2193 307 2252 de
321 2193 454 2252 Concilio
468 2193 639 2253 Besileensi.
1271 2215 1329 2271 224

230 2290 279 2348 Ex
294 2292 435 2349 Tractetu
454 2291 658 2350 Universitntis
672 2291 843 2370 Lipsiensis.
1271 2294 1328 2352 228

230 2388 279 2445 Ex
299 2387 430 2446 Consilio
456 2388 659 2447 Universitatis
677 2389 844 2448 Viennensis
863 2389 933 2447 dato
955 2390 1082 2448 Domino
1103 2388 1227 2450 Archie-

269 2486 389 2564 piscopo
404 2485 626 2564 Solzeburgensi
641 2506 717 2543 anno
731 2487 866 2565 presenti
881 2486 1015 2546 videlicet
1034 2505 1119 2561 1442.
1270 2504 1329 2566 229

230 2582 372 2662 Anonymi
386 2583 542 2642 Tractatus
556 2581 636 2660 quod
650 2584 768 2642 &crum
783 2582 926 2642 Generule
940 2584 1103 2644 Concilium
1114 2583 1227 2644 Basile—

269 2698 339 2738 ense
352 2700 411 2737 non
426 2680 463 2738 sit
478 2678 649 2738 translatum
665 2680 712 2738 vel
726 2678 909 2738 dissolutum.
1077 2758 1084 2770 ,
1189 2699 1329 2760 231-319

347 2872 464 2936 Tomus
480 2873 607 2937 Tertius
620 2894 705 2938 enno
720 2896 883 2938 umorem.
898 2875 1045 2960 vulgatus
1058 2876 1197 2955 exhibet

228 3032 276 3089 De
291 3028 374 3088 claris
389 3029 532 3107 Remigiis
547 3030 719 3089 Distribum.
1136 3053 1165 3111 p.
1176 3031 1329 3092 xliii-cviii

229 3126 260 3184 S.
272 3125 456 3184 Aucusurur
472 3126 673 3206 Hipponensis
687 3129 827 3208 Episcopi
841 3129 963 3188 Librum
979 3129 1015 3189 de
1030 3129 1179 3188 Oratione.
1309 3150 1325 3206 3

230 3223 369 3304 Ejusdem
382 3224 503 3282 Librum
519 3223 556 3282 de
570 3234 694 3300 quatuor
707 3224 878 3284 Virtutibus
892 3225 1036 3284 Caritatis.
1286 3246 1328 3302 44

230 3321 369 3400 Ejusdem
384 3320 544 3379 Homiliam
559 3321 589 3379 in
605 3321 758 3380 Dominica
772 3321 814 3378 ll.
829 3320 994 3380 Adventus.
1287 3324 1323 3382 61

229 3418 369 3496 Ejusdem
384 3416 553 3476 Sermonem
566 3418 597 3475 in
611 3418 836 3477 Circumcisione
850 3418 980 3476 Domini.
1287 3420 1328 3480 68

230 3512 367 3572 Rumon
381 3511 644 3574 Autissiodorensis
658 3514 810 3574 duodecim
825 3514 980 3573 Homilias.
1205 3516 1327 3590 83-280

273 3690 313 3754 In
327 3691 485 3775 opusculis
501 3691 533 3755 S.
545 3691 729 3777 Augustino
742 3692 873 3758 tributis
888 3713 959 3776 quse
979 3692 1014 3756 in
1034 3691 1095 3756 hoe
1112 3692 1210 3758 tertio
1224 3693 1327 3758 Temo

229 3794 339 3874 edidit,
363 3794 402 3858 cl.
429 3794 597 3859 Fontanus
621 3795 717 3860 dicit:
747 3803 766 3831 “
781 3796 830 3860 Re
852 3795 980 3880 quidem
1003 3816 1087 3873 vere,
1109 3795 1159 3859 De
1184 3795 1328 3860 Oratione

227 3897 393 3962 Dominicis
415 3898 541 3976 librum,
567 3900 617 3962 De
632 3898 788 3962 Claritate
811 3904 971 3963 tractatus
986 3898 1076 3975 duos,
1095 3903 1130 3960 et
1154 3918 1253 3961 unum
1276 3899 1328 3963 De

226 3994 355 4060 bonitate
377 3997 504 4060 enitatis
518 3997 662 4061 Ecclesioe
682 3996 905 4082 conscripsisse
924 3996 957 4061 S.
969 3996 1196 4082 Augustinum,
1212 4005 1328 4064 auctor

226 4103 276 4161 est
292 4098 464 4177 Possidius,
482 4099 558 4184 quid
579 4121 656 4184 ergo
670 4099 813 4164 dubitem
834 4122 894 4164 acu
915 4121 980 4164 non
1001 4098 1145 4185 tetigisse
1158 4121 1236 4180 rem,
1252 4123 1328 4166 curn

222 4196 345 4264 indices
360 4223 417 4265 nee
431 4201 521 4286 parvi
536 4202 687 4266 momenti
702 4202 739 4265 iis
751 4224 822 4287 quse
836 4203 964 4288 profero
978 4202 1107 4267 omnino
1121 4202 1181 4268 eibi
1194 4224 1327 4290 respon·

227 4303 344 4368 deantl
366 4304 469 4368 Penes
483 4305 595 4369 doctos
613 4306 722 4370 temen
736 4310 770 4369 et
785 4305 952 4389 peritiores
966 4307 1006 4370 de
1019 4304 1059 4370 iis
1069 4305 1223 4391 judicium
1242 4315 1327 4388 esto,
