2790 4958
433 303 612 372 Mandonii
633 306 790 371 Analecta.

63 555 240 615 Benedictio
253 555 407 625 Ludovici,
422 555 476 615 filii
489 555 632 614 Ludovici
646 556 740 615 Ducis
754 555 982 635 Andegavensis,
997 566 1064 634 post

103 652 169 728 ejus
190 652 367 731 baptismum
388 653 466 712 facta
486 652 647 711 alosunn
664 651 831 711 Patriarcha
851 651 1062 719 Alexandrino,

102 767 406 807 annouccctxxvrr.
1102 748 1160 823 485

61 846 187 904 esaon
198 845 251 904 Vl.
268 844 446 904 Francorum
468 844 559 922 Regis
579 844 682 911 literar,
697 843 803 920 quibus
816 843 836 901 J
839 844 914 902 udoei
932 844 1062 905 conversi

103 961 121 999 a
135 940 310 1020 spoliatione
324 942 466 1000 bonorum
480 961 598 1000 suorum
613 940 806 999 vindicantur.
1090 941 1162 1000 ibid.

280 1126 320 1190 R.
336 1127 374 1190 P.
390 1125 433 1190 D.
453 1127 477 1190 J
478 1148 590 1189 omnus
606 1125 773 1190 Msnrmou
789 1125 958 1212 Opuscula.

57 1296 212 1356 Judicinm
227 1297 264 1356 de
278 1298 423 1357 Chronico
437 1297 520 1356 Datii
533 1296 749 1375 Archiepisoopi
762 1295 998 1355 Mediolanensis.
1100 1299 1158 1373 487

59 1395 238 1472 Disquisitio
263 1395 300 1455 de
314 1395 497 1454 Venerabilis
522 1394 611 1453 Beda
638 1404 669 1453 et
691 1393 773 1452 Flori
793 1393 917 1451 Diaconi
937 1392 1059 1471 Lugdu.

101 1492 201 1550 nensis
215 1490 438 1550 Commentariis
450 1492 482 1558 in
497 1489 623 1550 Paulum
637 1510 674 1549 ex
689 1490 773 1549 dictis
788 1488 819 1547 S.
830 1488 1002 1567 Augustini.
1100 1490 1159 1566 488

59 1588 110 1648 De
124 1588 316 1647 confessione
331 1587 399 1647 fidei
412 1589 467 1647 sub
480 1586 601 1646 Alcuini
614 1587 730 1645 nomine
744 1585 822 1645 edita
836 1605 912 1643 anno
926 1603 1059 1647 nncavr.

101 1685 164 1744 sive
177 1684 215 1743 de
229 1685 293 1762 ejus
306 1686 481 1763 antiquitate
494 1695 525 1743 et
538 1694 666 1754 auctore,
681 1683 863 1761 Disquisitio.
1099 1700 1160 1759 490

59 1781 208 1841 Viudicioe
218 1781 298 1839 Vitae
314 1783 342 1840 S.
352 1781 498 1860 Gregorii,
511 1781 636 1840 Paulum
648 1781 812 1840 Diaconum
828 1789 973 1839 auctorem
988 1800 1062 1859 prte-

100 1878 233 1938 ferentis.
1098 1873 1158 1951 498

60 1974 237 2033 Dissertatio
260 1974 296 2034 de
317 1976 377 2034 vita
398 1975 563 2034 Monastica
585 1974 618 2036 S.
634 1974 769 2052 Gregorii
789 1973 826 2032 ad
845 1972 884 2031 V.
898 1972 933 2030 C.
948 1970 1058 2031 Hadri·

100 2089 190 2128 anum
206 2069 352 2128 Valesium
368 2069 643 2148 Historiographum
659 2068 793 2146 Regium.
1096 2083 1158 2142 499

59 2164 287 2224 Observationes
314 2165 351 2224 de
376 2165 533 2243 multiplici
557 2163 728 2242 Berengarii
754 2160 949 2229 damnatione,
973 2160 1059 2219 Fidei

100 2262 292 2341 professione,
306 2272 337 2320 et
350 2261 476 2341 relapsu,
490 2260 586 2337 deque
600 2260 665 2337 ejus
679 2260 858 2338 poenitentia
1099 2274 1155 2334 513

59 2358 237 2417 Dissertatio
259 2358 408 2418 Historica
433 2357 469 2417 de
493 2377 569 2415 anno
592 2357 694 2416 mortis
715 2356 875 2434 Dagoberti
896 2357 920 2413 1.
941 2364 971 2414 et
992 2355 1058 2414 Clo·

100 2454 187 2514 dovei
213 2455 355 2522 Junioris,
380 2453 418 2514 ad
441 2453 669 2512 eruditissimum
695 2453 788 2511 virum
810 2452 969 2512 Gallesinm
992 2451 1056 2510 Ab·

98 2551 207 2612 batem.
1097 2547 1157 2625 516

58 2647 234 2706 Dissertatio
248 2647 339 2706 altera
353 2647 389 2706 de
403 2666 479 2706 armo
493 2656 523 2706 et
537 2645 584 2705 die
604 2644 803 2712 ordinationis,
817 2646 945 2722 itemque
959 2644 1056 2702 obitus

98 2741 247 2800 Desiderii
273 2741 414 2820 Episcopi
440 2739 641 2808 Cadurcensis,
666 2761 703 2800 ex
731 2743 836 2819 quibus
860 2739 1056 2819 Dagobertina

98 2837 222 2917 Epocba
235 2837 333 2896 denuo
345 2838 558 2917 comprobatur.
855 2840 859 2845 ’

522 3018 694 3084 Accessere

55 3180 169 3238 Domni
194 3181 333 3241 Jonnurs
361 3183 540 3241 Manrnnon
565 3181 737 3240 Dissertatio
763 3179 800 3238 de
827 3178 908 3237 Pane
936 3176 1054 3239 Eucha-

96 3275 206 3343 ristico,
224 3275 341 3356 Azymo
365 3297 398 3336 ac
423 3277 620 3345 Fermentato‚
645 3276 692 3335 cui
714 3273 900 3352 subjung'tur
920 3274 1055 3352 Opuscu·

96 3370 159 3429 lum
187 3371 341 3431 Eldefonsi
370 3373 573 3451 Hispaniensis
600 3370 740 3450 Episcopi
771 3369 807 3428 de
838 3369 939 3428 eodem
967 3390 1054 3448 argu.

55 3477 316 3622 Eulieebliiollomani
324 3575 341 3607 ⁸
359 3564 397 3623 ad
411 3562 607 3642 Theophilum
622 3560 741 3620 Gallum
754 3557 888 3640 Epistola
909 3559 946 3619 de
960 3560 1051 3620 cultu
1093 3483 1151 3544 ⁵2²

96 3657 271 3719 Sanctorum
285 3659 462 3738 ignotorum.
1090 3674 1106 3735 5
1111 3674 1148 3733 52

293 3919 308 3948 ι
319 3909 369 3957 Sub
380 3909 426 3958 boc
436 3909 492 3958 ficto
502 3908 600 3957 nomine
610 3906 767 3956 Mnbillonius
778 3907 828 3970 ipso
838 3906 904 3956 latet.
