2790 4958
407 329 671 395 omnam
684 331 743 394 ss.
753 329 974 415 spatam.
1182 334 1248 404 ssa

221 501 395 571 varietate
420 523 442 570 c
470 499 558 570 Cod.
589 498 734 570 Coislin.
772 500 808 571 J.
834 499 881 571 A.
907 501 1062 595 Cramer,
1089 503 1126 575 S.
1143 506 1183 576 Τ.
1203 505 1246 575 Ρ.

220 615 328 687 Aulae
345 616 443 686 Novi
469 615 626 708 Hospitii
644 615 860 710 Principalis,
877 641 1015 689 necnon
1038 618 1246 694 Academiae

222 732 354 804 Orator
378 730 557 801 Publicus,
609 730 752 815 Oxonii,
775 755 798 802 e
821 732 1076 828 Typogrspheo
1105 734 1247 808 Acade·

219 850 327 919 mico.
361 865 648 918 nnoccxxxvm.
700 847 745 917 In
762 852 842 918 8ro.

243 1069 423 1154 Scriptores
437 1091 455 1132 e
470 1069 584 1153 qmbus
597 1068 666 1132 haec
681 1067 804 1134 (latens
818 1079 970 1138 contexta
983 1080 1042 1153 est,
1058 1081 1152 1151 sunt3

143 1243 334 1302 Ammonius.
718 1242 848 1304 Joannes
865 1248 1130 1326 (chrysostomus).

143 1342 349 1414 'Aresiypodon
718 1342 874 1421 Josephus.

144 1436 348 1516 Apolinarius.
719 1438 848 1496 Irenaeus
858 1439 1022 1519 Episcopus
1030 1440 1246 1520 Lugdunensis.

143 1533 300 1592 Arsenius.
720 1534 850 1592 Isidorus
864 1535 1023 1595 Pelusiota.

144 1629 336 1688 Athanasius.
720 1632 879 1689 Maximus.

145 1725 287 1785 Basilius.
720 1726 861 1786 Nicolaus
876 1729 1032 1807 Presbyter
1046 1727 1230 1809 Aneyranus.

145 1821 385 1900 chrysostomus.
719 1823 873 1901 Origenes.

146 1914 285 1974 Clemens
301 1915 505 1990 (Στρυματοὺς).
721 1919 864 1998 Prologus
877 1920 908 1977 in
924 1920 956 1977 S.
970 1919 1055 1978 Pauli
1071 1917 1230 1998 Epistolas.

145 2011 277 2090 Cyrillus
291 2011 521 2070 Alexandrinus.
719 2015 837 2073 Scholia
856 2017 963 2093 quibus
983 2015 1096 2074 nullum
1119 2035 1225 2073 nomen

145 2107 305 2186 Didymus.
759 2111 949 2190 prefigiturr.

145 2203 319 2282 Dionysius.
719 2207 894 2266 Severianus
909 2206 1087 2265 Gabalensis.

147 2299 344 2378 Epiphanius.
719 2302 846 2361 Severus
859 2302 1072 2361 Antiochenus.

147 2396 304 2474 Euagrius.
719 2396 931 2456 Theodoretus.

146 2492 296 2550 Eusebius
310 2491 505 2550 Caesariensis.
720 2491 892 2549 Theodorus
908 2489 1120 2549 Heracleensis.

143 2587 298 2646 Eusebius
311 2587 477 2666 Episcopus
491 2587 662 2646 Emesenus.
722 2586 893 2644 Theodorus
903 2585 1068 2643 Monachus
1078 2594 1108 2643 et
1120 2584 1245 2664 Presby-

146 2683 309 2761 Gregorius
326 2682 492 2762 Episcopus
506 2683 668 2762 Nyssenus.
762 2692 815 2739 ter.
842 2680 914 2739 Cod.
930 2679 1020 2739 Coisl.

149 2779 312 2857 Gregorius
327 2778 504 2857 Theologus.
721 2778 892 2836 Theodotus
905 2777 1090 2857 Ancyrauus.

147 2875 317 2955 Hesychius
332 2874 497 2953 Presbyter.
721 2872 902 2953 Theophilus
916 2872 1143 2932 Alexandrinus.

191 3099 288 3164 Hanc
311 3098 466 3165 catenam
490 3100 785 3185 praestantissimam
805 3099 843 3162 cl.
866 3098 971 3162 editor
991 3097 1033 3161 ab
1056 3097 1247 3162 (Eoumenio

145 3202 320 3286 abjudicat,
336 3209 434 3286 atque
451 3202 648 3286 inscriptioni
663 3201 788 3266 Codicis
804 3200 992 3265 Parisiensis
1006 3201 1102 3263 fidem
1115 3199 1245 3276 habens,

145 3305 313 3369 Andream
336 3304 572 3389 Presbyterum,
591 3305 646 3389 (de
666 3327 728 3390 quo
748 3303 923 3380 Fabricius,
939 3302 1020 3366 Bibl.
1038 3302 1140 3367 Graeo.
1157 3302 1246 3365 Tom.

146 3407 230 3470 VII.
248 3406 336 3490 791.)
360 3406 548 3491 scriptorem
571 3405 700 3470 incertae
726 3411 759 3468 et
780 3404 894 3489 patriae
916 3411 949 3469 et
970 3404 1087 3482 aetatis,
1106 3404 1162 3468 sed
1183 3425 1248 3468 non

145 3507 270 3572 decimo
307 3508 422 3572 saeculo
455 3508 622 3593 juniorem,
654 3509 723 3593 ejus
754 3514 918 3571 auctorem
949 3507 1045 3570 fuisse
1074 3505 1247 3571 existimat.

145 3609 247 3673 Aliud
261 3609 407 3673 volumen
421 3609 576 3674 (latonam
591 3610 625 3673 in
639 3610 820 3676 Catholicas
835 3608 998 3694 Epistulas
1019 3616 1053 3673 et
1074 3608 1107 3673 in
1122 3607 1248 3693 Apoca—

144 3708 250 3795 lypsin
272 3709 525 3774 Commentarios
550 3710 683 3774 Arethae
706 3715 740 3774 et
764 3708 945 3773 OEcumenii
968 3707 1141 3784 continens,
1162 3706 1248 3790 quod

143 3811 195 3878 vir
209 3811 412 3876 doctissimus
426 3811 581 3897 promisit,
598 3811 714 3877 intenti
728 3819 945 3899 expectamus.

250 4040 262 4071 r
278 4029 361 4094 Vulgo
371 4029 487 4080 Euthalio
498 4028 607 4080 Diacono
617 4031 756 4092 attributus,
768 4030 824 4080 vide
834 4040 953 4090 nauum,
964 4045 988 4093 p.
1001 4041 1047 4092 ¹50
1057 4036 1082 4077 er
1092 4041 1149 4089 4²²·
