2790 4958
402 302 627 374 EPISTULA
649 305 713 368 AD
739 305 991 373 LEoTonEM.
1229 329 1249 371 v

145 491 297 560 ticorum
315 491 353 560 in
369 491 487 561 lucem
503 492 710 583 prodierunt
727 492 973 578 Collectiones,
985 518 1132 587 quarum
1150 496 1246 566 haud

143 644 265 712 paucae
281 623 377 691 varia
398 624 517 716 magni
534 626 707 694 momenti
724 633 845 695 vetera
861 634 1092 696 monumenta
1111 625 1245 718 publici

137 752 229 843 juris
259 750 431 827 fecenmt,
496 749 673 822 Saeculum
702 754 871 845 superius,
902 760 1010 845 atque
1040 755 1148 823 etiam
1177 753 1248 824 hoo

144 891 305 955 nostrum
328 884 473 978 gravida
499 906 613 955 messe
636 884 762 954 talium
786 884 956 955 librorum
974 885 1246 977 Rempublicam

145 1014 336 1085 literarium
354 1015 522 1085 oneravit.
566 1014 796 1085 Recentiores
812 1025 934 1086 autem
950 1017 1018 1086 hoc
1034 1039 1146 1110 genus
1164 1017 1247 1088 Col-

144 1145 316 1217 leetiones
338 1147 454 1216 minus
477 1153 570 1216 notae
594 1148 787 1238 suntquis
807 1146 925 1217 nullus
943 1155 1040 1217 ortus
1058 1156 1112 1217 est
1130 1147 1245 1240 Ittigii

145 1280 311 1363 imitator,
330 1280 391 1371 qui
408 1302 540 1349 novum
558 1280 602 1348 de
620 1277 852 1348 Bibliothecis
879 1279 1027 1350 Petrum
1054 1285 1245 1348 tractatum

146 1410 352 1481 elaboraret.

196 1672 305 1743 Haud
333 1675 476 1765 quidem
500 1674 689 1743 defuerunt
714 1675 774 1766 qui
799 1675 924 1746 titulos
951 1675 1076 1745 saltem
1103 1674 1246 1744 illorum

146 1826 293 1896 operum
323 1805 554 1898 vulgaverint.
619 1804 689 1877 Vir
721 1807 872 1875 eximius
898 1804 1055 1876 Joaanes
1083 1804 1245 1876 Albcrtus

145 1933 342 2020 Fabricius,
368 1937 497 2008 talibus
527 1939 566 2006 in
595 1937 721 2007 studiis
750 1939 843 2007 inter
873 1937 1116 2009 Protestantes
1142 1940 1245 2010 facile

145 2069 316 2160 princeps,
343 2069 476 2138 indices
510 2070 619 2138 etiam
648 2068 804 2161 plurium
834 2069 1094 2140 Collectionum
1123 2071 1246 2142 Eccle-

145 2200 363 2269 siastioarum
401 2223 474 2270 suae
514 2198 750 2270 Bibliotheoae
786 2199 925 2272 Graeoae
958 2203 1063 2273 inseri
1098 2205 1244 2274 curavit.

145 2330 315 2429 Georpius
340 2329 608 2425 Christoplrorus
624 2329 838 2428 Hamberpcr
861 2335 922 2425 qui
946 2342 967 2372 “
984 2335 1029 2403 de
1056 2333 1243 2427 Scriptori-

145 2464 212 2534 bus
234 2465 421 2557 praecipuis
444 2464 490 2533 ob
516 2462 599 2532 orbe
625 2464 769 2532 condito
794 2485 906 2555 usque
934 2464 979 2532 ad
1006 2486 1138 2534 annum
1165 2473 1246 2557 post

146 2595 328 2667 Christum
369 2604 494 2666 natum
528 2597 613 2664 MD.''
646 2590 807 2665 librumb
850 2595 1062 2665 Germanice
1096 2597 1245 2686 scripsit,

146 2727 383 2798 Oolleotiones
410 2727 629 2820 Scriptorum
657 2725 985 2796 Ecclesiasticorum
1013 2725 1247 2820 (Samlungen

146 2861 210 2929 der
240 2857 635 2940 Kirchenschribenten‚
661 2856 761 2926 Tom.
789 2858 817 2926 I.
852 2861 1128 2952 pp.173-184.)
1160 2883 1245 2928 enu-

146 2993 306 3061 meravit.
343 2990 578 3061 Doctissimus
594 2988 750 3060 Jooanes
769 2987 940 3087 Georpius
967 2987 1144 3060 Walclrias
1161 2993 1247 3060 titu-

146 3121 199 3191 los
220 3123 379 3190 omnium
397 3120 657 3191 Collectionum
682 3121 856 3211 usquead
874 3145 977 3191 suum
994 3129 1136 3214 tempus
1153 3125 1246 3214 typis

146 3251 369 3345 vulgatorum
396 3253 434 3321 in
460 3275 524 3322 sua
554 3251 778 3321 Bibliotheca
806 3250 1018 3322 Patristioac
1049 3252 1244 3323 collocavit.

146 3381 204 3453 Ao
220 3383 431 3454 clarissimus
448 3382 604 3455 Joonncs
621 3383 749 3481 Troup.
767 3381 867 3453 Lebr.
881 3382 1053 3468 Domino,
1068 3387 1128 3477 qui
1146 3388 1248 3477 quin-

146 3538 216 3607 que
233 3524 316 3588 ante
332 3519 432 3586 annis
454 3540 546 3587 nova
563 3512 745 3587 editioned
769 3515 973 3586 Walchiani
991 3518 1107 3609 operis
1125 3540 1246 3588 omnes

186 3743 202 3788 b
224 3747 270 3804 Μ.
286 3745 384 3824 Georg
402 3746 559 3825 Christoph
577 3747 671 3805 Hem-
721 3745 824 3803 otheca
838 3745 993 3803 Patristica
1007 3745 1172 3803 Litterariis
1182 3743 1247 3803 An·

145 3843 669 3920 bergerszuverlttssigeNachrichten
721 3839 919 3897 notationibus
941 3840 1093 3896 instructa.
1144 3839 1247 3898 Editio

144 3956 202 3994 von
231 3937 287 3995 den
312 3938 517 3997 vornehmsten
547 3938 670 3997 schrift·
721 3955 796 3993 nova
818 3935 996 3994 emendatior
1011 3946 1040 3993 et
1055 3934 1179 3993 multum
1195 3955 1247 3993 au.

144 4031 265 4090 stellern
286 4052 351 4090 vom
367 4031 505 4109 Anfange
523 4031 575 4090 der
589 4032 672 4090 Welt
721 4032 794 4088 otior
828 4030 966 4088 adornata
1001 4032 1037 4090 ab
1064 4032 1112 4089 Jo.
1138 4033 1246 4111 Traug.

144 4130 189 4187 bis
207 4145 293 4204 1500.
335 4129 456 4206 Lemgo,
475 4130 560 4203 1756.
721 4126 808 4184 Lebr.
824 4126 947 4195 Daunia,
963 4127 1003 4184 D.
1021 4128 1123 4186 Theol.
1135 4138 1166 4187 et
1179 4129 1245 4188 Jur.

189 4225 317 4294 cJenae,
337 4240 422 4298 1770.
723 4221 923 4281 Prof.Theol.
959 4223 1051 4295 Jenac,
1072 4225 1155 4299 1834.

187 4317 203 4362 ‘l
224 4320 271 4378 Jo.
292 4319 412 4397 Georgii
429 4319 556 4378 Wulchii
577 4318 671 4377 Bibli.

745 4436 805 4500 a3
