2790 4958
223 311 267 372 24
504 307 594 371 Penii
619 306 787 371 raecum
808 305 1035 369 Amcdctorum.

226 481 365 561 Ejusdem
383 479 520 559 Epistola
541 478 578 538 de
600 497 687 537 seusu
707 478 860 537 verborum
889 477 921 536 S.
935 475 1044 534 Hilarii
1068 487 1099 539 et
1120 475 1225 535 Atha:
1266 408 1313 460 cul

263 576 337 636 nasii
351 576 388 635 de
402 575 567 654 aequalitate
581 585 611 633 et
625 574 823 652 inaequabtate
837 573 947 633 Christi
961 592 1026 632 cum
1042 573 1116 632 Deo.
1220 642 1224 649 ⁴
1259 592 1320 650 ³¹7

224 674 413 732 Wsurrrmu
434 671 552 731 Veteris
567 671 709 748 Theologi
724 670 859 750 Epistola
879 670 915 729 de
937 669 1024 728 modo
1045 669 1219 749 praedicandi

265 771 363 829 divina
377 769 414 829 de
428 769 556 828 Christo.
661 818 665 823 .
763 824 766 829 ,
1260 785 1322 844 329

224 866 337 926 Anam
349 866 692 924 Pasuossmmmsrs
701 863 839 923 Candida
851 866 931 922 Casae
945 863 975 920 in
992 863 1090 922 Scotia
1101 862 1225 921 Abbatis

264 975 295 1022 et
309 962 449 1042 Episcopi
464 960 692 1038 Soliloquiorum
707 961 743 1020 de
757 961 949 1020 instructione
962 960 1064 1018 auimoe
1079 959 1145 1018 Lib.
1161 959 1204 1017 ΙΙ.
1260 976 1320 1036 337

225 1060 312 1119 Beati
326 1058 497 1117 mensum
513 1057 638 1115 Abbatis
653 1057 797 1136 Speciosae
807 1056 900 1115 Vallis
914 1057 944 1114 in
960 1056 1132 1125 Franconia‚
1144 1054 1216 1114 Ord.

264 1135 370 1215 Cister.
386 1152 591 1214 Revelatioues
605 1153 641 1212 de
655 1153 769 1212 insidiis
783 1164 813 1212 et
828 1153 964 1212 versutiis
979 1153 1163 1211 Doe'mouum.
1260 1170 1318 1229 375

224 1252 334 1311 Auem
349 1251 465 1309 Meum
485 1249 558 1309 Ord.
574 1250 648 1309 Cist.
663 1250 746 1308 Libri
762 1250 802 1309 V.
827 1249 864 1308 de
885 1260 947 1309 arte
961 1248 1118 1308 Catholicae
1134 1248 1217 1308 Fidei

222 1368 226 1385 ²
265 1369 301 1408 ex
315 1348 476 1407 rationibus
490 1345 671 1405 naturalibus
684 1345 896 1405 demonstratu.
1258 1364 1318 1424 475

225 1448 376 1511 Haunrcr
399 1462 441 1502 ns
465 1443 589 1501 Hassrs
613 1442 702 1501 Liber
726 1442 864 1501 adversus
885 1442 1055 1522 Telesphori
1077 1442 1218 1502 Eremitae

265 1541 412 1601 Vaticinia
426 1540 462 1600 de
476 1539 588 1598 ultimis
602 1539 790 1618 temporibus.
1257 1559 1317 1618 507

223 1641 397 1707 Jorrsrrurs,
418 1638 494 1697 forte
517 1638 695 1704 Gssssms,
710 1636 835 1695 Abbatis
855 1637 944 1696 Liber
964 1656 1069 1696 aureus
1089 1635 1126 1695 de
1144 1636 1217 1695 Pro.

263 1735 388 1795 sessione
402 1734 622 1792 Monachorum.
1168 1776 1173 1785 .
1257 1735 1317 1811 567

663 1931 783 1993 PARS
807 1931 876 1993 III.

226 2085 321 2145 Codex
337 2083 548 2163 Diplomcticus
562 2083 792 2143 Ratisbonensis
1304 2106 1314 2143 r

226 2180 321 2240 Codex
339 2180 540 2241 Traditionum
554 2180 980 2239 Sauct-Emmerammensium.
1279 2184 1313 2241 81

222 2276 377 2338 Ausucum
404 2277 580 2337 Subdiaconi
604 2277 808 2336 Traditionum
832 2279 1151 2349 Emmerammensium,
1174 2301 1217 2341 se·

263 2375 329 2434 culo
344 2375 402 2434 IX.
416 2376 557 2435 factarum
571 2375 655 2434 Libri
669 2374 713 2434 11.
1260 2397 1297 2455 19
1300 2398 1316 2456 5

221 2473 301 2531 Ac1r
317 2472 457 2531 Moncclu'
471 2471 544 2531 Ord.
560 2471 592 2530 S.
608 2472 683 2531 Ben.
699 2472 868 2531 devitas.
885 2472 1093 2538 Hathumodae,
1115 2473 1215 2552 prima}

260 2568 423 2630 Abbatissoe
438 2569 728 2629 Gaudersbeimensis
741 2571 838 2651 Liber.
1243 2644 1245 2649 Ι
1259 2574 1318 2651 289

222 2666 360 2744 Ejusdem
375 2665 518 2743 Dialogus
532 2665 670 2724 metricus
684 2666 721 2725 de
734 2666 818 2725 obitu
833 2667 865 2726 S.
878 2667 1085 2727 Hathumodae.
1255 2686 1318 2743 309

221 2761 362 2841 Anonymi
374 2762 558 2820 chtlrlensis
570 2762 643 2821 Ord.
656 2762 729 2821 Cist.
740 2762 873 2822 Historia
886 2763 1082 2822 Romanorum
1094 2763 1215 2823 Pontifi-

260 2881 326 2919 cum
341 2881 358 2918 a
372 2861 403 2919 S.
416 2860 506 2919 Petro
520 2880 583 2937 usq.
598 2860 635 2917 ad
649 2859 840 2933 Coelestinum
854 2860 916 2920 111.
1255 2880 1316 2941 329

221 2957 379 3017 Garanum
396 2956 490 3033 Praep.
506 2955 675 3035 Reichcrsp.
692 2958 729 3016 Ο.
744 2957 779 3015 Ο.
796 2958 834 3015 R.
851 2957 883 3016 S.
897 2958 976 3036 Aug.
993 2958 1081 3017 Liber
1095 2958 1131 3018 de
1143 2959 1215 3018 Vita

261 3054 325 3112 ΒΒ.
341 3053 489 3113 Abbatum
503 3052 758 3112 Formbaccnsium
773 3054 931 3133 Berengeri
947 3065 977 3114 et
992 3055 1165 3115 Wirntonis.
1255 3075 1317 3136 399

221 3149 353 3209 Ancum
369 3150 549 3208 Ruurusar
564 3149 689 3209 Abbatis
701 3151 921 3223 Formbeceusis
935 3151 973 3211 Ο.
985 3151 1017 3210 S.
1029 3152 1066 3211 B.
1082 3152 1215 3211 Historia

262 3247 436 3306 Monasterii
450 3247 506 3306 sui.
1255 3269 1314 3328 425

220 3344 241 3402 J
243 3361 383 3403 oramus
398 3344 592 3403 sznunc.
607 3344 776 3425 Descriptio
791 3346 889 3404 Terrae
904 3346 1028 3405 Sanctae.
1255 3351 1315 3426 485

222 3440 375 3497 Auserem
391 3439 701 3508 Ossssuraususrs,
720 3442 757 3501 Ο.
773 3441 804 3501 S.
817 3442 855 3502 B.
870 3442 960 3502 Liber
981 3442 1017 3502 de
1038 3444 1097 3502 vita
1119 3446 1150 3503 S.
1165 3443 1214 3502 Al.

261 3535 336 3593 berti
351 3536 596 3597 Oberultahensis.
1256 3556 1314 3618 535

221 3632 333 3691 Jouocr
359 3633 530 3692 Marsum·
544 3635 766 3694 San-Gallensis
789 3636 826 3695 de
846 3634 927 3694 Viris
951 3636 1120 3696 Illustribus
1147 3639 1214 3696 Mo-

262 3731 380 3790 nasterii
395 3731 440 3790 sui
454 3732 535 3790 Libri
550 3733 593 3791 11.
1128 3762 1131 3767 ·
1256 3751 1314 3812 557

221 3826 385 3886 Jonsururs
411 3828 541 3895 Eeorus,
567 3829 678 3888 Prioris
698 3828 857 3907 Augiensis
881 3829 918 3888 Ο.
935 3828 967 3889 S.
988 3829 1062 3888 Ben.
1082 3830 1119 3890 de
1133 3831 1215 3890 Viris

301 3923 469 3984 Illustribus
480 3925 655 3985 Monasterii
669 3926 715 3984 sui
730 3925 894 3985 Tractatus.
1255 3931 1316 4007 629

221 4083 327 4143 Omnia
348 4106 426 4146 nunc
446 4087 572 4165 primum
591 4107 658 4146 cum
673 4087 907 4158 Praefationibus,
922 4090 1182 4150 observationibus
1201 4092 1317 4170 praeviis

261 4191 290 4238 et
312 4180 462 4249 lodicibus
486 4183 654 4243 necessariis
676 4183 785 4262 publici
809 4184 886 4260 juris
913 4187 989 4246 facta
1016 4207 1033 4245 a
1056 4187 1093 4244 R.
1114 4187 1148 4244 P.
1167 4188 1317 4253 Bernardo

262 4273 362 4348 Facio,
391 4276 585 4337 Benedictiuo
616 4289 647 4338 et
674 4279 903 4347 Bibliothecario
929 4282 1097 4351 Millicensi,
1126 4283 1254 4363 Operam
1286 4296 1317 4344 et

234 4362 237 4366 ⁴
259 4370 388 4430 studium
409 4373 626 4435 conferentibus
644 4375 708 4435 aliis
729 4375 862 4455 pluribus
883 4388 946 4437 tum
967 4378 1023 4446 sui,
1038 4389 1102 4439 tum
1121 4379 1243 4441 aliorum
1257 4381 1316 4440 Or.
