2790 4958
252 290 295 351 80
623 289 974 359 Matitbattnmuoa.

1290 470 1326 516 Pa
1345 504 1351 516 .

253 541 472 600 Testamentum
496 543 708 604 blanoscum
732 565 751 602 s
774 547 998 607 Lernanruors
1022 549 1119 607 uxoris
1143 551 1248 610 Renati
1326 485 1344 530 g

293 636 385 695 Ducis
399 637 435 696 de
450 637 622 710 Aleuqonio.
1293 649 1352 722 850

251 734 359 793 Obitus
372 734 483 811 aliquot
498 736 627 795 Francia
642 737 766 815 Regum.
1276 747 1346 821 85²

252 829 334 889 Petri
348 830 384 888 de
398 831 498 889 Marcu
512 831 733 912 Archiepiacupi
748 834 886 893 Tolosani
905 836 1039 915 Epistola
1060 838 1096 896 R.
1107 839 1141 896 P.
1157 840 1249 898 Dom-

291 948 360 985 num
375 928 485 986 Lucam
502 929 659 1008 D’Achery
675 930 852 989 Monachum
869 932 899 989 S.
911 933 1073 992 Benedicti.
1279 938 1352 996 ibid.

755 1162 844 1231 XII.

249 1343 371 1408 Eodem
405 1365 498 1422 auno,
532 1364 630 1428 opera
663 1342 804 1427 ejusdem
837 1342 989 1422 Editoris‚
1020 1343 1200 1411 Melitara·
1239 1349 1350 1414 Vetere

457 1445 607 1508 Auobotc
628 1444 745 1509 iterum
766 1444 800 1508 in
821 1445 923 1510 lucem
944 1447 1139 1530 prodierunt.

248 1599 384 1671 Vetera
400 1599 586 1682 Analecta,
607 1601 681 1670 sive
705 1599 879 1670 Collectio
897 1599 1074 1672 Veterum
1099 1601 1234 1694 aliquot
1252 1602 1349 1696 Ope-

321 1739 400 1784 rum
435 1726 473 1785 et
507 1714 769 1807 Opusculorum
800 1717 914 1785 omnis
946 1718 1094 1810 generis,
1130 1717 1347 1803 Carminam,

322 1831 574 1924 Epistularum,
591 1829 847 1922 Diplomatum,
862 1831 1144 1925 Epitaphiomm,
1157 1832 1222 1904 &c
1254 1835 1348 1905 Cum

322 1947 456 2016 Itinere
482 1946 705 2027 Germanico,
730 1944 1033 2018 Adnotationibus
1059 1958 1096 2019 et
1119 1949 1255 2042 aliquot
1278 1953 1349 2021 dis-

322 2062 568 2154 quisitionibus
590 2060 633 2130 R.
649 2060 689 2130 Ρ.
705 2060 751 2131 D.
773 2061 797 2131 J
799 2062 921 2133 oannis
939 2062 1126 2148 Mabillon
1146 2064 1348 2160 Presbyteri

320 2204 361 2250 ac
380 2178 552 2249 Monaehi
570 2177 655 2248 Ord.
675 2177 797 2249 Sancti
818 2178 1005 2262 Benedicti
1023 2203 1044 2250 e
1061 2180 1349 2274 congregatione

321 2293 357 2364 S.
377 2294 509 2364 Mauri.
564 2292 670 2363 Nova
696 2293 827 2375 Editio,
853 2295 911 2362 cui
938 2317 1116 2365 uouemere
1141 2294 1346 2367 Mabillonii

321 2409 410 2481 Vita
440 2419 478 2480 et
506 2409 642 2502 aliquot
672 2407 862 2500 Opuscula,
894 2408 1029 2480 scilicet
1060 2409 1271 2482 Dissertatio
1302 2415 1347 2483 de

321 2526 418 2597 Pane
437 2525 690 2606 Eucharistiae
709 2522 849 2617 Aaymo
867 2548 908 2594 ac
927 2522 1166 2609 Fermentato‚
1184 2528 1229 2598 ad
1248 2528 1347 2599 Emi-

319 2643 463 2713 nentiss.
495 2639 720 2711 cardinalem
754 2638 865 2711 Bona.
919 2640 1154 2737 Subjungitur
1183 2642 1346 2736 Opuscu-

319 2759 394 2829 lum
429 2757 613 2828 Eldefonsi
651 2753 896 2846 Hispaniensis
931 2740 1097 2848 Episcopi
1137 2758 1182 2827 de
1219 2760 1345 2830 eodem

319 2881 540 2968 argumento.
593 2871 642 2940 Et
673 2869 818 2940 Eusebii
849 2869 1001 2940 Romani
1035 2872 1080 2940 ad
1108 2872 1345 2965 Theophilum

320 2987 464 3060 Gallum
490 2985 658 3079 Epistola,
677 2987 722 3055 de
748 2984 859 3055 Cultu
886 2984 1098 3056 Sanctorum
1125 2987 1343 3082 Ignotorum.

320 3102 471 3189 Parisiis
499 3104 593 3198 apud
630 3101 847 3184 Moutalant‚
877 3102 921 3172 ad
949 3101 1079 3194 Ripam
1110 3102 1182 3172 ΡΡ.
1201 3102 1345 3198 Augus-

319 3208 542 3303 tinianorum,
560 3242 669 3313 prope
687 3218 839 3288 Pontem
861 3216 899 3287 S.
914 3216 1113 3290 Michaelis.
1131 3239 1343 3291 tmccxxln.

318 3338 411 3408 Cum
430 3336 619 3430 Privilegio
637 3335 756 3428 Regis.
800 3331 848 3403 Ia
859 3331 965 3428 folio.

319 3566 478 3630 Elenchus
493 3570 715 3630 contentorum
728 3563 762 3626 in
776 3563 836 3626 hac
851 3584 933 3627 nova
948 3563 1098 3628 Editione
1115 3565 1266 3627 Veterum

673 3665 912 3729 Analectorum.

1283 3752 1344 3815 rag.

169 3833 172 3838 '
243 3820 315 3880 Vita
327 3820 419 3879 Joans
468 3817 622 3877 Mahillon.

243 3917 360 3976 Itineris
375 3915 540 3975 Germanici
555 3914 729 3994 Descriptio.
1332 3935 1340 3972 ι

241 4014 339 4072 Variae
354 4012 579 4071 Observationes
593 4030 630 4071 ex
643 4010 737 4069 MSS.
753 4009 908 4069 codicibus
923 4009 1113 4068 Germanicis.
1309 4030 1343 4087 17

658 4140 748 4200 Varia
762 4140 920 4219 Opuscula.

243 4255 450 4334 Fragmentum
476 4254 618 4334 Epistolte
642 4256 780 4312 Carecini
806 4253 925 4311 Arriani
954 4252 990 4311 ad
1014 4253 1144 4311 Marium
1169 4253 1241 4312 Vic-

282 4353 410 4412 turinum
425 4352 462 4411 de
475 4351 601 4409 Christo.
1306 4368 1340 4408 21

242 4451 406 4531 Responsio
419 4450 528 4508 Martii
543 4449 720 4508 Vrcronnsr
737 4448 875 4508 Rhetoris
889 4447 969 4507 urbis
984 4446 1096 4509 Roma.
1306 4467 1342 4507 aa
