2790 4958
354 289 483 354 Boluzia'
496 299 524 353 ct
536 291 646 353 Moesi
660 289 866 355 Mosellam.
895 388 899 397 Ι

58 544 183 602 Littera
196 543 303 620 quibus
322 543 457 601 Domaus
471 541 571 601 Abbas
585 543 770 602 Cocanicus
791 542 892 601 Sancti
906 542 1063 600 Michaelis

100 639 140 697 ad
163 640 278 697 Mosam
299 639 378 717 apud
396 638 600 718 Apostolicum
620 639 773 697 Urbanum
788 639 831 697 ΙΙ.
846 638 1014 717 impetravit
1028 649 1063 696 ut

102 734 252 813 sepultura
266 735 342 793 circa
354 735 429 793 hanc
443 734 604 792 Ecclesiam
619 735 855 793 constitueretur.
1123 737 1160 794 61

59 829 257 889 Auctoritatis
271 831 448 907 Apostolioae
462 829 658 908 Rescriptum.
1087 832 1159 891 ibid.

60 927 171 985 Literae
184 927 363 985 Aristaeum
380 926 599 1005 Archiepiscopi
620 926 849 986 Mediolanensis
869 927 907 985 de
930 927 1063 986 Ecclesia

103 1023 135 1081 S.
146 1024 249 1081 Mariae
263 1024 299 1082 de
314 1023 505 1082 calvenzano.
1094 1026 1164 1085 ibid.

59 1119 185 1178 Litterae
199 1120 351 1178 Ennium
367 1120 507 1198 Episcopi
522 1119 757 1187 Cenomanensis,
773 1119 809 1178 de
823 1119 944 1198 Capella
959 1122 1060 1180 Sablo-

102 1216 153 1273 bii.
1123 1219 1162 1276 62

60 1311 193 1370 Donatio
208 1313 357 1370 Haemus
371 1311 593 1390 Archiepisoopi
606 1308 813 1388 Lugdunensis
827 1310 864 1370 de
878 1312 1010 1372 Ecclesia
1027 1313 1060 1373 S.

103 1408 252 1467 Germani.
1091 1411 1162 1469 ibid.

60 1505 221 1563 Luoovrcr
246 1506 298 1563 Vl.
325 1506 504 1564 Francorum
533 1504 624 1581 Regis
651 1515 828 1583 pracceptum
860 1502 896 1563 de
928 1505 1062 1566 libertate

103 1600 230 1661 testandi
245 1612 275 1660 et
287 1601 414 1661 bellandi
428 1622 481 1680 pro
495 1601 585 1660 servis
600 1599 740 1659 Ecclesia
755 1600 935 1660 Parisiensis.
1092 1605 1163 1664 ibid.

59 1698 228 1765 Concessio,
238 1718 325 1776 quam
342 1698 486 1756 Pounrus
500 1697 600 1755 Abbas
613 1695 813 1754 Cluniacensis
827 1697 897 1756 fecit
912 1698 1062 1758 Bernardo

103 1792 331 1873 Archiepisoopo
346 1794 499 1852 Toletano.

59 1890 133 1950 Alia
148 1890 302 1949 Concessio
316 1892 393 1949 facta
407 1891 513 1948 Eskilo
526 1889 754 1968 Archiepiscopo
768 1889 929 1949 Lundeosi.

37 1984 172 2046 ‘Charta
187 1989 400 2047 Hrnoesanar
415 1989 556 2068 Episcopi
570 1986 804 2046 Cenomanensis.

59 2085 252 2143 Confirmatio
267 2086 392 2164 quados
408 2086 623 2143 Hanoaaaaar
638 2083 674 2141 de
689 2083 821 2142 Ecclesia
836 2084 872 2143 de
887 2085 1035 2146 Torciaco.
1093 2089 1099 2102 “
1123 2090 1130 2102 ’
1154 2133 1163 2150 .

61 2183 95 2238 N
96 2182 181 2240 otitia
195 2181 231 2239 de
244 2193 344 2240 monte
358 2181 503 2239 Modesto.

61 2277 182 2336 Notitia
196 2277 335 2336 Ecclesiae
349 2278 380 2336 S.
392 2278 496 2339 Mariae
510 2278 546 2336 de
560 2277 723 2335 Avenariis.

62 2375 248 2453 Praeceptum
263 2375 299 2433 de
314 2374 448 2433 Ecclesia
462 2375 493 2433 S.
504 2374 627 2431 Martini
642 2373 678 2432 de
692 2373 866 2432 Bellissimo.

60 2472 173 2528 Charta
188 2471 403 2529 Hrnnaannar
419 2491 461 2529 oa
476 2471 675 2528 Lavaazrrro.

61 2568 110 2626 De
129 2578 348 2629 auctoramento
363 2568 556 2625 Cumanam
572 2567 688 2624 Coram
710 2566 746 2625 de
768 2567 900 2627 Ecclesia
921 2570 952 2627 S.
966 2570 1061 2627 Guin.

101 2663 208 2742 galaei.

61 2759 327 2818 Auctoramentum
342 2761 532 2818 Garunnam
548 2761 666 2817 Coram
682 2759 718 2818 de
733 2759 766 2818 S.
779 2761 969 2839 Guingaloeo.
1094 2765 1100 2778 “
1124 2765 1131 2779 ’

61 2857 286 2937 cyrographum
300 2858 376 2916 inter
390 2878 443 2917 nos
456 2866 487 2915 et
496 2857 658 2915 Monachos
673 2856 704 2914 S.
715 2855 819 2915 Albini
834 2857 870 2916 de
885 2858 917 2916 S.
930 2860 1061 2938 Guinga.

103 2953 178 3012 loeo.
1093 2959 1099 2972 ’
1123 2961 1129 2973 “

62 3050 183 3120 Notitia
197 3050 233 3108 de
248 3050 379 3109 Ecclesia
393 3051 429 3110 de
443 3054 545 3112 Ponte.

62 3148 156 3207 Varia
169 3147 246 3207 Acta
259 3170 313 3228 pro
326 3149 391 3207 loco
405 3149 441 3208 de
456 3148 650 3209 Amanaenas.

61 3245 253 3304 Onuuoaun
277 3244 496 3322 Archiepisoopi
522 3248 744 3307 Tarraconensis
768 3248 903 3326 Epistola
930 3250 967 3307 ad
991 3249 1061 3307 Rai.

103 3341 247 3399 mundum
262 3341 442 3420 Episcopum
453 3341 655 3403 Ausonensem
670 3345 882 3422 suffraganeum
898 3366 993 3413 suum,
1004 3366 1061 3423 qua

104 3438 169 3516 ejus
181 3437 388 3497 consultationi
402 3440 566 3517 respondet.
1122 3443 1161 3502 68

61 3534 221 3593 Placitatio
235 3535 312 3592 inter
325 3532 471 3592 Abbatem
485 3537 652 3596 Lanzonem
671 3538 772 3597 Sancti
786 3537 939 3597 Michaelis
953 3549 983 3598 et
996 3539 1059 3597 Ab·

102 3631 239 3689 batissam
253 3629 406 3688 Joviniaci.
1091 3636 1161 3694 ibid.

61 3725 255 3804 Privilegium
270 3727 464 3786 inuocannrr
480 3729 523 3788 II.
540 3730 576 3788 de
591 3731 723 3791 Ecclesia
738 3731 862 3809 Tyriaci.
1122 3734 1162 3806 69

60 3823 141 3882 Acta
155 3823 313 3883 concordiae
330 3825 410 3882 initae
424 3826 500 3885 inter
515 3827 676 3886 Canonicos
692 3828 895 3887 Ruthenenses
910 3838 940 3885 et
954 3828 1060 3885 Mona-

103 3919 173 3979 chos
188 3919 386 3981 Massilienses
404 3942 491 4001 super
506 3923 639 3983 Ecclesia
653 3923 754 3982 Sancti
770 3922 901 3981 Amantii
916 3934 946 3981 et
963 3923 1060 4001 sepul.

102 4026 170 4074 tura
184 4016 290 4074 civium
306 4017 549 4077 Ruthenensium.
1122 4035 1160 4096 70

62 4111 152 4171 Bulla
162 4112 258 4173 Lucri
271 4113 314 4170 11.
329 4114 423 4172 Para
437 4115 634 4175 confirmantis
647 4117 825 4194 superiorem
839 4117 1070 4175 transactionem.
1091 4116 1161 4176 ibid.

63 4208 199 4287 Epistola
212 4211 336 4267 Tnoaaar
351 4211 496 4288 quondam
510 4211 635 4270 Abbatis
649 4213 909 4290 Maurigniacensis
928 4211 966 4270 ad
986 4211 1060 4271 San-

104 4315 184 4364 ctum
200 4306 382 4366 Bernardum
395 4306 541 4367 Abbatem
558 4307 809 4366 Clarevallsnsem.
1090 4309 1160 4368 ibid.

599 4422 621 4459 n
