2790 4958
221 311 242 371 8
374 306 516 370 uuam
535 313 563 368 at
581 304 720 369 Damna
742 303 911 368 Theseum
929 302 1162 367 Amodotomm.

268 477 384 540 Restat
405 481 442 539 ut
460 474 549 539 varia
570 474 673 538 omnis
695 473 754 538 aevi
775 478 981 537 monumenta
1002 493 1073 556 quaa
1088 470 1189 534 Tomo
1211 469 1325 534 ultimo

226 579 383 663 leguntur,
399 598 591 641 recenseam.

227 763 447 833 Tuusnunus
481 759 615 832 Novus
647 758 941 830 Auuoooronuu.
992 758 1124 827 Tomus
1158 757 1325 841 Quintus,

302 878 542 970 complectens
579 876 646 946 SS.
680 875 837 957 Petrum,
869 874 1088 965 aliorumque
1122 874 1324 944 Auctomm

302 992 630 1064 Ecclesiasticorum
648 992 807 1060 omnium
830 990 904 1059 fere
921 989 1142 1072 saeoulorum,
1159 1012 1181 1059 a
1197 996 1325 1080 quarto

301 1108 346 1178 ad
363 1109 717 1198 decimumquartum,
735 1104 926 1197 Opuscula.

291 1291 392 1355 Index
407 1288 647 1375 Opusculorum,
663 1309 734 1373 quae
749 1286 809 1350 hoo
824 1287 856 1351 in
871 1287 1028 1351 volumino
1042 1287 1255 1352 continentur.

225 1471 388 1530 Altercatio
412 1470 489 1528 inter
518 1468 715 1547 Theophilum
737 1466 934 1526 Christianum
960 1478 990 1526 et
1008 1468 1164 1547 Symonem
1186 1469 1240 1527 Ju-

266 1569 370 1633 daeum,
384 1577 502 1625 auctore
517 1567 675 1630 Euserio,
690 1563 741 1641 qui
755 1563 840 1621 initio
854 1564 951 1622 saeculi
966 1566 1061 1641 quinti
1077 1565 1184 1624 floruit.
1216 1566 1286 1644 Pag.
1309 1586 1318 1623 ι

227 1667 257 1724 S.
269 1666 431 1724 Oarnunrr
447 1661 718 1720 Commonitorium.
1287 1679 1322 1738 17

226 1762 329 1821 Sermo
354 1760 386 1818 S.
402 1758 503 1817 Avrrr
521 1758 695 1817 Viennensis
718 1757 857 1836 Arobiep.
873 1758 958 1817 Eeria
979 1759 1066 1818 tertia
1091 1760 1122 1817 in
1144 1759 1240 1837 Roga·

265 1857 404 1915 tionibus.

226 1951 357 2010 Homilia
372 1952 404 2010 S.
415 1952 585 2009 Fruamur.

203 2091 206 2096 ι
226 2049 325 2108 Dictio
340 2045 485 2106 Eunonu
500 2047 530 2104 in
544 2047 635 2105 natali
649 2047 802 2106 Laurentii
818 2047 1047 2107 Mediolanensis
1061 2049 1209 2129 Episcopi.

225 2142 389 2222 Antiquum
406 2143 608 2201 calendarium
625 2143 738 2204 Sanctae
754 2144 893 2202 Romana
910 2145 1055 2204 Ecclesia.

226 2240 381 2320 Expositio
394 2239 490 2298 brevis
504 2240 630 2317 antiqua
644 2239 786 2318 Liturgiae
802 2239 968 2299 Gallicanae.

225 2336 376 2414 Antiquus
401 2334 482 2394 Ordo
507 2336 656 2394 Romanus
683 2335 720 2394 ad
748 2357 832 2395 usum
861 2339 1100 2396 monasteriorum
1129 2361 1240 2398 accom.

265 2434 408 2493 modatus.

224 2531 456 2589 Vunuasmnrs
492 2531 591 2588 ΒΜ
620 2529 787 2609 Presbyteri
822 2542 852 2590 et
880 2533 1017 2590 Monachi
1054 2533 1240 2592 Benedictini

264 2628 346 2686 Libri
361 2627 413 2685 IV.
428 2628 459 2685 in
472 2626 647 2706 principium
663 2627 786 2685 Genesis
800 2648 892 2705 usque
906 2628 943 2686 ad
961 2629 1141 2687 nativitatem
1159 2630 1240 2689 Isaac

264 2736 295 2783 et
308 2724 478 2802 ejectionem
494 2722 631 2782 Ismaelis.
1265 2749 1318 2788 111

225 2822 363 2901 Ejusdem
377 2822 467 2880 Liber
479 2822 510 2878 in
526 2820 680 2879 Canticum
696 2820 843 2879 Habacuc.
1264 2845 1319 2905 295

229 2918 363 2998 Ejusdem
379 2918 516 2976 Homiliae
531 2917 677 2974 undecim.
1261 2943 1321 3002 315

225 3015 363 3094 Ejusdem
378 3013 511 3072 Libellus
526 3012 660 3070 Precum.
1262 3023 1317 3096 381

225 3112 445 3169 Turonorum
461 3108 601 3187 Episcopi
615 3106 836 3168 Aurelianensis
851 3110 962 3171 Versus
976 3113 1012 3170 de
1028 3115 1169 3175 Luxuria.
1262 3137 1323 3195 399

224 3207 380 3265 Hannsm
403 3205 520 3262 Msunr
543 3204 762 3283 Archiepisoopi
788 3207 960 3285 Moguntini
982 3211 1072 3270 Liber
1096 3213 1240 3272 denariis

263 3301 472 3380 questionibus
485 3301 623 3361 adversus
636 3300 656 3357 J
659 3302 756 3360 udoeos
770 3323 821 3361 seu
836 3314 947 3364 ceteros
968 3306 1099 3366 infideles
1113 3309 1160 3366 vel
1178 3310 1240 3388 ple.

263 3418 368 3475 rosque
390 3397 539 3455 haereticos
560 3397 744 3474 judaizantes
771 3419 808 3457 ex
834 3411 959 3478 utroque
983 3414 1158 3463 testamento
1182 3407 1239 3465 col-

265 3494 356 3552 lectis.
1260 3524 1318 3578 401

224 3589 373 3669 Opuscula
407 3589 538 3666 quadam
572 3591 684 3670 poetica
720 3591 823 3651 From
859 3593 1066 3671 Lugdunensis
1100 3598 1240 3658 Ecclesiae

266 3684 400 3744 Diaconi.
721 3772 723 3776 y
1262 3715 1320 3775 595

224 3783 328 3841 Sermo
343 3781 373 3840 S.
384 3783 507 3841 Ooonrs
521 3782 647 3841 Abbatis
660 3782 859 3844 cluniacensis
874 3788 904 3844 in
920 3788 1009 3847 Festo
1023 3790 1056 3849 S.
1066 3791 1200 3851 Martini.
1260 3797 1320 3870 617

224 3879 328 3938 Sermo
342 3880 544 3940 sumamus
558 3879 684 3939 Abbatis
698 3881 735 3940 de
749 3883 916 3942 Nativitate
931 3885 967 3943 B.
979 3887 1091 3945 Maria.
1260 3893 1315 3951 621

225 3975 327 4034 Sermo
342 3977 467 4056 ey'asdem
481 3976 629 4057 desancta
644 3977 746 4037 Cruce.
1261 3991 1298 4047 62
1302 4009 1319 4065 3

224 4072 406 4130 Huununrr
422 4071 584 4131 cardinalis
596 4073 678 4132 Libri
694 4085 753 4133 tres
767 4077 905 4135 adversus
920 4078 1110 4141 Simoniacos.
1261 4088 1322 4162 629

225 4169 433 4245 Fragmentum
448 4168 663 4245 Disputationis
677 4171 814 4232 adversus
828 4173 954 4233 Graecos.
1262 4184 1318 4257 845

224 4269 347 4328 Ononrs
365 4266 504 4346 Episcopi
522 4269 735 4327 Cameracensis
754 4271 842 4331 Liber
862 4294 913 4331 seu
930 4274 1061 4335 Homilia
1078 4276 1114 4335 de
1130 4279 1239 4338 Villico

264 4363 435 4446 iniquitati&
1171 4410 1175 4418 ι
1261 4379 1318 4456 853
