2790 4958
441 335 605 398 mussa
619 330 804 398 Batauo
823 335 969 398 Pomm.
1052 303 1056 309 ’

148 588 437 664 S.Basrr.11magni
456 588 559 646 Sermo
579 589 616 647 de
637 589 901 658 oenmbemalibus,
921 607 958 645 ex
979 607 1032 644 ms
1045 585 1143 645 eodice

189 684 379 742 Bililiotheeoe
390 685 530 743 Medieeae
544 706 638 764 nuper
650 685 757 754 editus,
771 684 811 740 A.
822 685 857 741 C.
872 699 941 758 373.
1184 699 1202 755 3
1206 699 1244 755 30

148 777 257 834 Pausi
279 779 323 836 ΙΙ.
344 781 473 858 episcopi
492 771 686 838 Alexandrini
708 778 843 859 Epistola
869 777 1016 857 encyclica
1037 777 1074 835 de
1097 777 1144 834 his

188 893 254 949 quae
267 873 453 932 Alexandria
466 886 548 951 gesta
560 884 629 932 sant
643 884 761 933 anctore
774 874 878 939 Lucio,
892 873 933 930 A.
945 875 980 930 C.
996 889 1065 948 375.
1184 889 1243 948 337
1337 894 1342 903 ·

325 971 499 1049 Fragmenta
513 969 655 1050 Epistola
674 970 712 1027 ad
731 971 883 1047 episcopos
903 967 1056 1046 Aigyptios
1075 967 1143 1025 fidei

189 1085 276 1123 causa
289 1066 413 1124 exsules.
1185 1083 1246 1138 344

148 1161 319 1220 Tritonum
342 1163 470 1241 episcopi
490 1162 683 1221 Alexandrini
705 1163 856 1240 Responsa
883 1161 1030 1227 canonica,
1051 1159 1091 1218 A.
1108 1161 1142 1218 C.

230 1277 258 1314 0.

147 1260 297 1412 Nagriasn
316 1356 442 1433 episcopi
458 1355 595 1413 Emeseni
611 1355 700 1412 Liber
719 1354 757 1412 de
777 1365 882 1411 natura
902 1352 1036 1419 hominis,
1052 1352 1092 1409 A.
1105 1353 1140 1410 O.
1183 1274 1241 1331 34⁵

147 1546 180 1603 S.
188 1452 334 1605 3}ng
348 1547 458 1604 abbatis
472 1546 614 1604 Doctrina
627 1556 657 1603 et
671 1545 845 1610 exhortatio,
861 1542 900 1600 A.
914 1542 949 1599 C.
966 1543 1035 1616 382.
1182 1464 1244 1617 {i}

149 1673 308 1686 —---
329 1640 595 1720 Apophthegmata,
609 1641 649 1698 A.
662 1643 695 1698 C.
712 1643 781 1715 382.
1182 1658 1244 1715 429

148 1736 306 1795 Faasurar
327 1737 488 1815 presbyteri
509 1757 605 1812 opera.
648 1737 842 1795 Accesserant
863 1736 993 1812 ejusdem
1007 1735 1142 1794 Faustini

187 1832 243 1889 tini
264 1842 294 1890 et
314 1831 480 1890 Marcellini
499 1832 615 1890 libellus
636 1853 754 1910 precum
776 1832 813 1890 ad
832 1835 1029 1908 imperatores,
1051 1831 1091 1888 A.
1107 1833 1141 1888 C.

189 1928 257 2001 3⁸3·
1182 1946 1238 2000 44¹

146 2025 180 2082 S.
196 2025 390 2082 Pmnas'rau
418 2025 533 2103 epistoli
557 2025 718 2082 Brixiensis
737 2025 827 2082 Liber
847 2023 884 2082 de
906 2024 1084 2087 Haeresibus,
1106 2023 1144 2080 ad

188 2118 274 2177 fidem
285 2119 355 2178 MS.
367 2120 474 2179 codicis
483 2120 739 2198 sangermanensis
752 2119 918 2197 recognitus
924 2128 958 2176 et
966 2117 1099 2194 pluribus
1112 2118 1142 2174 in

187 2214 258 2272 locis
271 2214 433 2293 suppletas,
447 2216 488 2275 A.
499 2217 534 2274 C.
552 2217 621 2290 384.
1182 2216 1244 2288 480

147 2313 184 2368 B.
201 2313 397 2370 Hannosm
413 2313 554 2391 Dialogus
574 2314 611 2372 de
628 2325 727 2372 sancta
741 2314 887 2372 Trinitate
907 2315 983 2371 inter
1004 2313 1143 2372 Judaeum

187 2419 217 2466 et
231 2409 437 2475 Christianam,
453 2408 492 2466 A.
506 2411 540 2469 C.
554 2409 624 2485 385.
1184 2425 1242 2484 522

409 2506 624 2564 commentatio
635 2506 802 2564 Christiano
815 2505 935 2563 cuilibet
949 2505 1040 2562 utilis.
1182 2521 1242 2580 527

147 2618 179 2675 S.
195 2618 313 2676 Srnrerr
327 2638 411 2696 papae
426 2617 569 2695 Epistola
583 2629 614 2677 et
628 2619 764 2684 Decreta,
779 2615 820 2674 A.
832 2618 865 2672 C.
880 2616 949 2690 386.
1183 2633 1240 2690 533

146 2713 290 2772 Evaean
311 2714 428 2772 Pontici
452 2734 539 2792 opera
561 2734 627 2791 quae
649 2723 767 2772 exstant
790 2711 896 2780 omnia,
915 2730 994 2768 nunc
1015 2712 1142 2789 primum

186 2809 308 2867 collecta
321 2819 351 2868 et
365 2810 486 2888 digesta,
502 2810 540 2868 A.
552 2813 587 2868 C.
602 2811 672 2885 386.
1184 2823 1241 2884 553

145 2906 178 2962 S.
192 2904 374 2963 Aaeasurar
393 2906 520 2984 episcopi
535 2904 735 2985 Hipponensis
753 2904 791 2962 ad
809 2904 952 2981 Optatam
973 2905 1141 2982 episcopum

186 3003 392 3061 Milevitanum
413 3002 450 3061 de
470 3003 587 3061 Natura
606 3013 636 3061 et
657 3002 780 3079 Origine
801 3000 916 3058 Animae
939 3000 1074 3079 Epistola
1093 3021 1139 3058 se·

186 3098 289 3156 canda
331 3098 463 3157 Accessit
476 3099 601 3177 cty'asdem
615 3098 646 3156 S.
659 3096 821 3174 Augustini
835 3095 970 3173 Epistola
991 3095 1027 3154 de
1046 3097 1140 3172 poenis

185 3193 372 3272 parvulorum
395 3195 446 3270 qai
470 3194 533 3252 siue
556 3195 701 3271 baptismo
722 3193 877 3258 decedunt,
901 3191 938 3249 ad
962 3192 1086 3250 Petram
1109 3201 1140 3249 et

186 3288 341 3347 Abraham.
384 3289 460 3360 Quae
471 3289 589 3365 quidem
605 3289 747 3368 Epistolae
760 3287 839 3344 haud
859 3288 901 3344 ita
914 3287 1026 3364 pridem
1040 3287 1137 3364 prodi-

185 3396 281 3445 erant.
322 3387 447 3444 Necnon
471 3387 679 3464 Fragmentum
701 3385 842 3464 Epistolae
865 3384 896 3440 S.
920 3382 1080 3458 Augustini
1102 3383 1139 3441 ad

185 3484 339 3561 Optatam,
353 3492 441 3561 prout
454 3493 551 3540 exstat
568 3482 647 3561 apud
662 3482 840 3559 Eugypiam.
863 3478 1006 3536 Fol.101.
1028 3479 1137 3536 Utrum

184 3577 353 3655 singillatim
373 3598 390 3634 a
411 3578 477 3635 Deo
498 3578 637 3636 Creatore
655 3576 831 3634 lineamenta
852 3575 1025 3639 formentur,
1048 3585 1078 3631 et
1102 3574 1144 3632 de

184 3676 287 3733 animae
307 3675 466 3751 qaaestione
478 3721 585 3734 ......
596 3695 633 3732 ex
647 3674 759 3731 duabus
772 3671 912 3750 Epistolis
935 3669 971 3727 ad
986 3670 1138 3748 Optatam.

185 3769 281 3844 Caput
295 3785 425 3825 occxnv.
466 3766 505 3822 A.
518 3766 553 3823 C.
569 3765 637 3840 386.
1179 3766 1236 3840 582

142 3862 326 3921 Breviariam
340 3862 406 3919 fidei
422 3861 559 3920 adversus
574 3862 725 3919 Arrianos:
741 3870 857 3919 auctore
870 3862 984 3927 incerto,
995 3860 1046 3918 sed
1059 3861 1135 3918 anti·
1223 3886 1225 3890 ·

183 3955 332 4031 quissimo,
347 3955 386 4012 A.
397 3958 430 4012 C.
445 3958 513 4029 386.
543 4011 546 4016 ,
1178 3957 1238 4032 589

142 4051 234 4107 Isaac
248 4069 286 4107 ex
299 4049 414 4117 Judoeo,
428 4051 502 4108 liber
524 4049 590 4107 fidei
605 4050 641 4108 de
662 4061 760 4108 saneta
775 4051 921 4108 Trinitate
942 4059 972 4108 et
986 4049 1022 4107 de
1037 4050 1135 4107 lucar.

182 4144 302 4201 natione
315 4144 446 4212 Domini,
461 4145 500 4202 A.
513 4147 548 4202 C.
564 4145 633 4219 386.
1178 4163 1237 4221 597

143 4239 175 4297 S.
195 4241 344 4296 Manurar
364 4241 492 4318 episcopi
518 4240 698 4299 Turonensis
719 4241 818 4297 Trina
842 4242 974 4306 unitatis,
999 4251 1029 4300 et
1050 4241 1137 4299 anias

184 4336 339 4395 Trinitatis
354 4337 515 4405 Confessio,
530 4336 572 4395 A.
583 4339 615 4393 C.
631 4336 700 4409 386.
843 4402 846 4403 7
1180 4355 1239 4411 599

716 4448 768 4503 04
