2790 4958
444 326 575 390 natata
588 326 740 391 aarum
752 326 960 392 Marathum.
1184 331 1247 393 183

148 575 178 632 J.
195 578 233 634 D.
249 576 348 635 Mansi
363 577 512 636 Praefmio.
1187 497 1246 653 Z·

147 672 257 730 Literae
280 671 453 730 Monnasm
483 673 629 751 Principis
657 673 792 750 Organioe
819 673 856 732 ad
884 672 1065 732 Clementem
1087 672 1142 730 VI.

189 768 229 825 R.
246 767 282 826 P.
1174 769 1243 828 ibid.

146 866 177 923 J.
193 865 234 923 D.
251 865 350 923 Mansi
364 866 536 925 Adnotatio.
1189 867 1245 924 186

146 963 314 1020 Ponuntur
329 964 432 1022 Oratio
445 964 482 1022 ad
496 965 535 1022 D.
551 965 692 1023 Caesarem
708 962 928 1041 Sigismundum
943 962 1055 1022 Romae.
1173 962 1243 1021 ibid.

147 1059 255 1117 Pnrar
283 1078 323 1116 011
351 1061 473 1119 Mortua
499 1059 609 1119 Veneti
634 1059 770 1139 Epistola
797 1059 834 1118 ad
862 1058 1021 1136 Georgium
1049 1061 1144 1118 01101-

187 1153 297 1210 rinum.
1188 1157 1244 1214 188

146 1249 270 1307 0111011
286 1248 330 1308 II.
346 1249 454 1309 Siciliae
469 1250 558 1328 Regis
573 1251 694 1309 Litterae
706 1251 744 1309 ad
758 1250 966 1309 Bononienses.
1189 1270 1242 1328 192

145 1345 257 1403 Literae
273 1347 394 1405 Consilii
409 1348 586 1406 Basileensis
599 1348 636 1406 ad
651 1348 866 1426 Hieronymum
881 1347 917 1405 de
932 1346 1026 1424 Praga
1040 1347 1144 1406 Mona-

188 1442 275 1499 chum
292 1444 552 1503 Camaldulensem.
1173 1444 1243 1503 ibid.

147 1540 200 1596 Prr
216 1539 259 1597 II.
276 1540 395 1599 Litterae
408 1541 445 1600 ad
460 1541 630 1620 Philippum
645 1540 823 1619 Burgundiae
838 1541 960 1600 Ducem.
1188 1560 1242 1618 193

146 1636 258 1694 Literae
271 1635 416 1695 Euenum
431 1638 524 1696 Pam
539 1638 597 1696 IV.
612 1636 650 1696 ad
664 1637 891 1695 Universitatem
907 1636 1108 1695 Parisiensem.
1188 1657 1245 1715 ¹94

147 1731 290 1809 Ejusdem
304 1733 412 1791 Literae
426 1734 463 1792 ad
477 1735 655 1814 Episcopum
671 1733 904 1792 Malleaoensem.
1188 1750 1242 1811 195

145 1827 257 1885 Literae
272 1829 460 1888 Janrrensium
481 1830 518 1887 ad
533 1831 646 1888 Ducem
660 1829 907 1888 Mediolanensem
929 1829 966 1888 de
985 1829 1143 1889 rebellione
1202 1866 1205 1873 ·

189 1944 242 1982 sua
256 1935 386 2004 tempore
406 1947 465 2004 quo
486 1927 551 1984 Rex
570 1925 739 2004 Aragonum
761 1927 857 2004 praeda
877 1926 936 1985 fuit
949 1927 1142 1985 Januensium

188 2032 219 2079 et
234 2021 339 2080 ductus
354 2021 565 2080 Mediolanum.
1173 2021 1245 2082 ibid.

146 2118 196 2177 cl.
212 2118 344 2176 Oratoris
366 2120 513 2177 Gonnum
534 2117 713 2177 Veronensis
735 2118 772 2176 ad
792 2118 842 2177 Ill.
862 2120 1029 2199 Principem
1050 2120 1143 2178 Nico-

187 2214 266 2272 laum
281 2216 482 2274 Marcbionem
495 2213 651 2274 Estensem
663 2214 819 2292 gratulatio
833 2235 887 2294 pro
900 2217 1041 2276 revocatis
1055 2217 1091 2274 ab
1104 2236 1140 2275 1ο

189 2311 221 2368 in
235 2312 357 2389 gratiam
373 2312 524 2392 Hispanis.
1187 2314 1244 2388 196

148 2409 316 2467 Bonrrscn
342 2407 434 2482 (forte
458 2408 530 2479 IX.)
555 2407 690 2486 Epistola
716 2408 754 2466 ad
777 2408 933 2474 Lucenses,
962 2419 996 2466 ut
1019 2409 1143 2487 puniant

191 2504 372 2563 Ghibellinos
387 2504 493 2563 Patriae
507 2515 537 2563 et
551 2503 690 2562 Ecclesiae
703 2504 810 2562 hostes.
1188 2506 1244 2582 198

146 2600 355 2680 Interpretatio
368 2600 533 2659 Literarum
549 2601 723 2659 Patriarcbae
736 2599 901 2658 Antiochiae
915 2599 952 2658 ad
966 2599 1021 2659 SS.
1035 2601 1070 2658 P.
1084 2601 1106 2657 J
1108 2620 1141 2658 u.

187 2697 261 2755 lium
282 2698 343 2755 III.
365 2718 416 2776 per
431 2697 468 2754 R.
481 2697 516 2755 P.
527 2698 568 2757 D.
590 2695 769 2775 Episcopum
790 2697 979 2766 Maronitam,
1001 2697 1141 2776 111111ἕί-

186 2804 280 2852 strum
294 2792 482 2852 Ambrosium
496 2793 532 2852 de
547 2792 653 2852 Melita
666 2791 787 2852 Ordinis
802 2792 1038 2852 Praedicatorum.
1188 2811 1243 2868 ¹99

147 2893 178 2949 J.
194 2892 233 2948 D.
249 2890 346 2948 Mansi
360 2891 450 2949 Nota.
1186 2891 1244 2947 206

148 2985 292 3064 Ejusdem
307 2986 503 3045 Praemonitio.
1172 2984 1242 3045 ibid.

147 3085 314 3142 chronicon
328 3083 364 3141 de
377 3084 466 3162 gestis
484 3094 584 3143 contra
599 3083 784 3142 Fratricellos
804 3094 922 3144 auctore
935 3084 956 3142 J
958 3103 1066 3143 osmun
1081 3084 1143 3142 Mi-

189 3181 294 3239 nonita.
1144 3258 1147 3265 Ι
1172 3179 1242 3238 ibid.

146 3277 200 3335 Ad
220 3277 368 3355 superiora
389 3275 547 3355 Opusoula,
563 3296 614 3335 seu
636 3276 796 3335 Historiam
816 3276 853 3335 de
874 3276 1052 3335 Fratricellis
1066 3274 1143 3333 Ani.

187 3371 350 3430 madversio
364 3382 394 3430 et
408 3371 634 3430 Dissertationes
649 3371 686 3429 R.
699 3371 733 3428 P.
744 3371 785 3429 N.
798 3371 848 3429 W.
863 3371 901 3429 0.
914 3371 959 3429 M.
971 3373 1007 3429 L.
1021 3372 1058 3430 T.
1182 3390 1242 3448 359

145 3471 175 3528 1.
206 3468 380 3526 Dissertatio
406 3465 598 3547 Apologetica
624 3488 677 3546 pro
701 3467 834 3525 Romano
859 3467 1003 3527 Pontifice
1029 3469 1144 3528 Joanne

190 3564 298 3622 XXII.
1173 3564 1243 3623 ibid.

144 3663 192 3722 11.
210 3663 269 3720 Pro
290 3661 402 3720 Ordine
423 3661 574 3719 Minorum
596 3663 625 3718 S.
648 3660 794 3719 Francisoi
814 3659 1007 3739 Apologetica
1027 3659 1142 3718 Disser-

189 3758 272 3825 tatio,
286 3758 317 3814 in
331 3777 388 3834 qua
403 3757 439 3815 de
453 3756 689 3815 Fratricellorum
703 3755 815 3832 origine
829 3766 859 3814 et
873 3765 1000 3813 auctore.
1184 3758 1241 3830 363

142 3856 179 3914 J.
195 3855 235 3914 D.
248 3853 346 3912 Mansi
362 3853 500 3911 Praefatio
514 3853 544 3909 in
558 3863 726 3930 sequentem
741 3852 951 3911 Collectionem
966 3853 1127 3911 Canonum.
1183 3855 1243 3925 368

142 3950 178 4008 J.
193 3951 234 4008 D.
249 3949 347 4007 Mansi
363 3947 531 4007 admonitio.
1184 3967 1242 4026 392

144 4042 292 4102 Collectio
306 4042 505 4121 Epistolarum
520 4041 710 4118 quorumdam
725 4041 923 4098 Romanorum
940 4040 1125 4097 Pontificum.
1173 4039 1243 4099 ibid.

144 4138 297 4197 Professio
312 4138 396 4197 Fidei
414 4137 492 4196 edita
505 4158 522 4195 a
537 4137 713 4196 Bonrrscm
728 4135 818 4194 v111.
835 4146 988 4214 postquam
1003 4134 1142 4194 Pontifex

190 4235 377 4293 renunciatus
391 4245 445 4293 est.
1184 4231 1243 4304 418

146 4333 179 4389 J.
198 4332 236 4388 D.
253 4331 352 4390 Mansi
366 4330 537 4389 Adnotatio.
1174 4324 1243 4382 ibid.

704 4442 759 4497 N4
