2790 4958
506 312 655 378 Dncberii
675 313 880 399 Spivilepinan.

1188 470 1249 534 Peg.

151 546 348 604 Snnrnnnus
373 543 572 604 Arvernorum
594 546 758 627 Epimopus
779 546 940 606 Ecclesiam
962 546 1147 606 Liziaiacen-
1239 561 1241 565 ’

191 663 252 703 sem
266 662 319 722 pro
334 642 408 702 XII.
424 643 577 703 canonicis
591 644 707 703 fundat.
1184 647 1244 723 376

150 741 340 800 Gsurnrnus
375 742 422 800 cui
456 761 615 818 cognomen
647 741 891 819 Grisea-gunella,
920 740 1147 820 Andegavorum

191 840 305 907 Comes,
321 838 481 897 Monachos
495 838 525 896 in
540 837 671 898 Ecclesia
686 838 716 897 S.
728 838 829 897 Albini
844 838 1006 897 constituit.
1184 857 1242 918 377

148 935 311 994 Lonnnnn
333 935 511 993 Francorum
533 935 622 1012 Regis
647 936 840 1015 Praeceptum,
861 955 920 1013 quo
942 935 1016 993 bona
1037 935 1145 996 Mons-

190 1033 279 1092 sterio
294 1033 529 1092 Grandis-Vallis
543 1031 647 1091 collata
661 1032 820 1091 confirmat.
1186 1038 1245 1113 378

149 1129 312 1190 Rainaldus
333 1130 450 1209 eligitur
473 1131 504 1188 in
525 1131 665 1190 Abbatem
689 1130 720 1189 S.
737 1130 840 1191 Albini
856 1129 1085 1210 Andegevensis,
1099 1133 1141 1189 vi.

190 1239 276 1287 vente
291 1228 436 1287 Gunterio
450 1227 574 1286 Abbate.
1172 1230 1243 1290 ibid.

146 1321 181 1379 S.
194 1320 284 1380 Odilo
298 1320 415 1400 eligitur
428 1322 459 1380 in
471 1321 616 1380 Abbatem
626 1320 855 1394 Cluniacensem,
867 1323 983 1381 vivente
999 1321 1030 1380 S.
1040 1323 1151 1383 Maiolo

189 1417 316 1476 Abbate.
1182 1441 1242 1502 379

149 1516 332 1574 Gausbertus
346 1516 464 1594 eligitur
477 1515 642 1595 Episcopus
658 1517 850 1576 Caturcensis.
1172 1521 1244 1582 ibid.

148 1613 293 1672 Goamm
321 1612 500 1691 Burgundios
529 1613 619 1692 Regis
648 1613 841 1693 Praeceptum,
867 1634 924 1692 quo
947 1616 1025 1673 varia
1052 1615 1141 1676 donat
1204 1611 1206 1617 ¹

189 1710 370 1769 Mouasterio
384 1710 415 1768 S.
429 1709 555 1770 Andreae
569 1711 756 1770 Viennensis.
1183 1717 1242 1791 380

147 1807 294 1866 Ronunau
316 1807 495 1886 Burgundiae
516 1807 604 1886 Regis
620 1809 811 1887 Praeceptum,
825 1829 884 1888 quo
907 1808 1057 1868 confirmat
1077 1831 1142 1889 quse

188 1904 281 1964 eidem
297 1904 477 1963 Mouasterio
491 1916 573 1983 pater
588 1926 658 1964 suus
672 1905 837 1964 donaverat.
1170 1910 1242 1969 ibid.

147 2001 353 2062 S.0n11.0re1s
382 2001 505 2062 Abbatis
533 2002 731 2062 Cluniacensis
755 2003 890 2082 Epistola
916 2004 953 2063 ad
978 2004 1139 2064 Paternum

187 2101 332 2162 Abbatem
352 2102 384 2161 S.
399 2101 521 2160 Joannis
536 2102 729 2161 Pinnatensis.
1182 2110 1238 2183 381

144 2200 283 2259 Josrtnrs
297 2199 392 2257 ΡΜ
406 2198 463 2256 ΙΧ.
479 2198 614 2277 Epistola
627 2199 664 2256 ad
678 2199 710 2257 S.
722 2199 889 2258 Odilonem.
1003 2230 1005 2234 >
1171 2205 1243 2265 ibid.

147 2297 347 2357 S.0n11.0rcrs
361 2295 494 2374 Epistola
509 2295 545 2353 ad
560 2295 690 2354 Garsiam
707 2296 818 2374 Regem
833 2297 982 2357 Navarrae.
1169 2304 1243 2363 ibid.

146 2395 284 2472 Ejusdem
299 2393 431 2471 Epistola
445 2391 482 2450 ad
496 2393 661 2450 Matronam
677 2394 841 2471 quamdam.
1166 2399 1243 2460 ibid.

146 2490 286 2550 Monocbi
310 2490 461 2568 enjusdam
486 2488 620 2568 Epistola
647 2489 684 2547 ad
705 2490 866 2549 Monacbos
892 2491 1138 2572 S.Benigni1ti·

226 2588 377 2646 vionensis.
1179 2593 1236 2668 382

145 2683 324 2744 Constitutio
338 2685 544 2742 Monachornm
561 2684 593 2742 S.
606 2685 726 2743 Andreoe
741 2685 916 2754 Viennensis,
931 2707 989 2765 qua
1008 2689 1062 2747 sibi
1079 2689 1142 2746 fur.

187 2791 249 2838 tum
264 2779 431 2838 utensilium
447 2779 632 2838 interdicunt.
1167 2786 1238 2845 ibid.

144 2878 237 2937 Gasto
253 2878 426 2937 Bearnensis
440 2877 611 2936 Vicecomes
630 2878 716 2936 liliam
738 2900 818 2937 suam
834 2880 1019 2940 Guillelmam
1037 2882 1141 2942 Sancio

186 2975 276 3053 Regis
291 2973 424 3033 Castellae
438 2973 499 3032 tilio
512 2976 543 3032 in
557 2977 771 3034 matrimonium
785 2976 853 3034 dare
867 2977 998 3055 spondet.
1181 2981 1239 3054 382

144 3063 287 3132 Ponetus
297 3070 542 3151 Archiepiscopus
553 3070 733 3131 Arelatensis
746 3073 947 3151 Indulgentiae
961 3075 1093 3135 concedit
1106 3077 1138 3135 in

185 3169 376 3228 Dedicatione
390 3168 539 3239 Ecclesie,
554 3179 583 3228 et
605 3169 765 3228 Confirmat
786 3169 943 3247 Privilegia
957 3171 1139 3233 Monasterio

183 3266 433 3344 Montis-Majoris
446 3286 581 3325 concessa
594 3287 611 3324 a
624 3266 751 3325 Summis
766 3267 968 3327 Pontificibus.
1135 3260 1149 3295 ⁹

146 3365 397 3423 Hnnnnnnnrus
413 3363 578 3443 Episcopus
591 3362 804 3423 Avenioncnsis
824 3385 856 3425 ac
871 3366 1061 3427 Rosrnonus
1078 3389 1137 3427 noa

183 3483 275 3542 pauca
288 3462 397 3521 donant
411 3462 592 3520 Monasterio
607 3462 638 3520 S.
647 3461 783 3520 Andreae.
1177 3470 1237 3543 384

142 3559 249 3618 Eidem
266 3560 409 3618 bonorum
432 3579 549 3617 suorum
570 3570 682 3638 partem
704 3559 813 3618 donant
827 3561 990 3620 G1nu1nus
1011 3572 1041 3620 et
1061 3582 1135 3620 uxor

183 3657 246 3734 ejus
260 3656 439 3714 Constantia.
578 3673 580 3677 ·
1175 3661 1232 3737 383

143 3757 282 3816 Poncrus
305 3754 481 3812 Gabalorum
506 3774 539 3812 ac
563 3754 675 3812 Foresii
701 3755 805 3814 Comes
827 3755 987 3815 Ecclesiam
1009 3757 1134 3814 Canoni-

181 3872 281 3912 corum
297 3850 497 3910 Colidensium
512 3851 626 3910 fundat.
1166 3852 1238 3916 ibid.

143 3950 174 4009 S.
198 3948 369 4007 Hnnnrcus
396 3948 626 4007 Alemaunorum
654 3949 729 4016 Rex,
759 3948 942 4028 postmodum
973 3949 1133 4028 Imperator

182 4045 330 4125 Episcopo
357 4057 388 4105 et
414 4045 523 4104 Abbati
551 4044 582 4102 S.
608 4044 763 4104 Michaelis
790 4046 820 4102 in
849 4045 1030 4115 Porcariana,
1058 4047 1134 4105 bona

181 4143 278 4200 omnia
295 4153 325 4201 et
340 4142 407 4220 jura
426 4162 478 4200 sua
496 4141 656 4200 confirmat.
1178 4146 1239 4221 386

141 4240 332 4299 chnnnnus
361 4240 495 4298 Marchio
524 4239 711 4297 Normannioe
739 4239 831 4299 multa
859 4241 971 4300 confert
999 4239 1137 4300 Ecclesia

182 4335 365 4406 Camutensi,
380 4348 415 4396 ut
429 4337 533 4396 damna
547 4355 611 4413 quse
625 4335 668 4392 illi
682 4335 830 4407 intulerat,
844 4337 1004 4397 resarciret.
1167 4338 1237 4397 ibid.

655 4451 709 4507 Ε3

1178 3273 1235 3348 383
