2790 4958
453 290 643 355 Boiasccodc
656 289 812 354 Anccdoto
828 290 947 353 Gracco.
1191 287 1257 350 243

151 460 293 540 Ejusdem
308 458 472 538 Epistulam
486 459 523 518 ad
536 459 699 538 Josephum
720 458 929 538 Philosophum
951 457 989 517 (12
1011 457 1154 516 Italorum

191 577 225 616 ac
240 556 401 615 Turcarum
416 556 587 635 irruptione.
945 604 947 608 ,
1044 543 1047 548 ’
1109 555 1180 634 Pag.
1196 575 1252 614 212

151 653 291 732 Ejusdem
305 652 539 712 Declamationes
553 652 634 711 duas.
1195 671 1254 730 229

151 751 319 809 Gnsoonrr
334 749 454 807 Curnrr
470 751 573 825 Χρείαν.
1195 751 1254 826 269

150 847 332 905 Memorare
346 846 539 906 Psnmonoor
553 847 787 906 Declamationes
801 847 881 906 duas.
980 890 982 895 -
1194 859 1254 920 274

150 945 287 1002 Maxim
303 943 470 1002 Pannonis
485 943 610 1022 Hyemis
623 944 809 1003 Encomium.
1190 961 1252 1018 310

151 1039 293 1120 Anonymi
307 1040 420 1099 Versus
434 1040 575 1099 Politicos
588 1039 625 1098 de
638 1060 670 1098 re
684 1034 889 1098 Grammatica.
1193 1057 1253 1115 340

150 1138 282 1196 Iaexioon
296 1136 483 1195 Botonicum.
1193 1154 1254 1213 394
1362 1171 1364 1176 ·

151 1233 324 1292 Tnnononr
337 1233 535 1291 Hunnncnru
547 1233 718 1292 Orationem
729 1233 958 1292 encomiasticam
971 1232 1002 1290 in
1017 1233 1048 1291 S.
1062 1232 1098 1291 P.
1110 1232 1151 1289 N.

191 1328 320 1388 Aninam
336 1327 623 1408 Thaumaturgumh.
1192 1347 1253 1406 409

150 1426 352 1486 Miscellanea.
1110 1426 1252 1502 454-478

532 1595 780 1660 VOLUMINE
803 1596 875 1659 III.

150 1715 252 1801 *quod
269 1736 354 1805 anno
368 1713 548 1799 insequenti
562 1713 722 1799 publicam
736 1714 838 1778 lucem
852 1712 1009 1798 adspexit,
1026 1711 1238 1791 continentur,

150 1876 323 1936 Tnnononr
339 1879 538 1937 Hunnscnru
554 1877 729 1936 Encomium
744 1875 889 1955 Deiparae.
1147 1876 1219 1955 Pag.
1238 1896 1249 1934 1

149 1973 291 2053 Ejusdem
306 1976 396 2034 Horti
410 1975 506 2034 Anno
520 1974 698 2054 Descriptio.
1213 1989 1253 2050 59

148 2069 291 2129 Joaruus
313 2072 445 2130 emam
470 2071 575 2132 Oratio
588 2071 625 2130 de
640 2072 671 2132 S.
687 2070 791 2130 Maria
812 2068 945 2148 Virginis
964 2068 1096 2146 ingressu
1120 2067 1151 2125 in

191 2169 297 2228 Sancta
310 2169 495 2228 Sanctorum.
570 2192 574 2197 ·
1194 2244 1196 2248 λ
1215 2181 1249 2240 71

148 2264 300 2323 Mszsms
315 2266 376 2324 lter
392 2285 443 2342 per
457 2266 582 2324 Inferos.
1195 2280 1251 2320 112

149 2360 336 2420 Nrcmurom
351 2363 514 2420 Grannona
531 2362 682 2439 Epistola.
1196 2360 1251 2435 187

149 2457 341 2516 anasms
356 2458 488 2526 Psnnn,
509 2459 654 2527 Potum,
671 2449 822 2538 Anonymi,
841 2459 1039 2524 Hnnonrmur,
1062 2455 1149 2512 Tar·

191 2573 313 2620 rnours,
330 2554 480 2633 Anonymi,
498 2556 684 2622 Cououoarr,
699 2556 816 2625 Zomm,
833 2553 983 2632 Anonymi,
1004 2552 1150 2619 Nrcnnm,

189 2651 341 2729 Anonymi,
357 2650 393 2711 de
408 2651 454 2709 Re
469 2653 664 2711 Grammatico
677 2652 778 2711 libelli.
1194 2667 1252 2707 200

147 2746 279 2806 Lexicon
296 2748 463 2806 Paulinum.
1120 2779 1123 2786 ·
1192 2763 1252 2822 339

148 2840 353 2897 (1222222222
369 2840 494 2919 Selybrii
508 2841 648 2920 Episcopi
664 2840 786 2920 Regulae
800 2839 837 2898 (12
849 2838 1032 2919 Syllabarum
1047 2839 1077 2896 in
1093 2837 1150 2897 fine

189 2955 326 2994 versuum
341 2935 493 2995 divisione.
1191 2952 1252 3012 354

147 3031 182 3089 N
183 3051 339 3090 mnrnonr
355 3032 492 3091 Onnum
508 3033 663 3092 Orationes
678 3033 735 3092 IV.
749 3044 780 3092 et
795 3031 938 3111 Epistolae
954 3031 998 3090 ll.
1191 3034 1253 3109 356

144 3126 196 3186 De
210 3127 285 3187 XII.
301 3129 448 3188 mensibus
462 3129 540 3188 anni.
1191 3147 1252 3206 409

147 3223 365 3283 Homerios
380 3225 435 3283 Coi
449 3225 487 3283 ad
502 3224 691 3285 Ptolemaeum
708 3227 818 3304 Regem
834 3223 977 3303 Epistola.
1190 3243 1250 3299 422

147 3320 266 3380 Ponam
282 3321 459 3399 AEnigmata.
1188 3340 1251 3400 429

145 3417 313 3495 AEnigmata
327 3417 447 3476 collecto
461 3438 479 3475 a
493 3419 625 3478 anrnro
638 3423 685 3476 τοῦ
700 3416 896 3492 Μεγαλαμίτου.
1190 3434 1249 3493 437

144 3510 355 3572 Acarnanam
370 3514 545 3592 AEnigmata.
1189 3528 1248 3589 453

146 3609 283 3688 AEnlgma
294 3613 452 3670 ἆδὲσποτον.
966 3604 968 3609 ’
1189 3628 1226 3686 45
1231 3628 1248 3686 5

144 3705 281 3766 Josusrs
297 3707 452 3765 Consum
468 3707 644 3787 Sozopolitae
659 3708 772 3767 Versus
786 3707 992 3766 Anacreontici
1002 3704 1028 3764 k.
1188 3706 1251 3781 456

184 3884 202 3924 h
219 3883 259 3933 De
275 3884 322 3933 hoc
338 3884 424 3932 Anina
441 3885 591 3935 Boisaonadii
608 3887 682 3934 verba
716 3886 902 3950 Thaumaturgo
918 3885 1040 3935 beneficiis
1055 3883 1160 3932 affecti.”
1193 3883 1248 3932 Vol.

144 3949 286 3998 exscribam
319 3952 335 3978 “
345 3950 396 4008 Qui
411 3949 451 3997 hic
465 3949 579 3998 landatur
589 3951 681 3998 Aninm
715 3951 751 3998 II.
764 3967 788 4013 p.
799 3965 856 4016 409.

146 4014 328 4076 Thanmoturgi
339 4030 371 4062 an
382 4013 464 4076 abque
474 4014 532 4062 alibi
542 4023 621 4064 exstet
632 4031 682 4064 mc·
747 4016 755 4054 ¹
773 4017 790 4044 “
802 4016 866 4075 Quis
882 4013 957 4063 luerit
974 4015 1083 4062 Joannes
1098 4012 1146 4061 ille'
1156 4013 1249 4061 Gobm

144 4078 232 4141 moria,
258 4080 351 4142 ignoro.
398 4079 519 4127 Dutheilii
547 4080 680 4137 sententie,
714 4080 807 4142 ignom,
818 4088 843 4129 et
856 4096 904 4143 qua
920 4080 1008 4128 vixerit
1023 4087 1102 4127 aetate.
1136 4077 1201 4126 Puto
1216 4079 1249 4125 ad

143 4144 255 4192 Animam
270 4144 345 4193 fuisse
359 4143 487 4192 Theodoro
503 4160 618 4205 cooevum,
630 4161 681 4192 non
713 4146 897 4194 Andronioeum
908 4161 987 4192 avum
1003 4160 1054 4194 esso
1070 4143 1249 4192 referendum.”

136 4209 240 4269 2222212,
251 4225 327 4271 quum
344 4209 406 4257 circa
423 4209 539 4257 orationis
552 4209 628 4258 finem
640 4225 681 4258 cos
713 4210 753 4259 Sic
764 4209 935 4259 Boissonadius
946 4211 977 4257 ad
988 4225 1043 4272 pag.
1056 4221 1093 4270 71.

146 4273 290 4322 Theodorus
314 4281 438 4334 memoret,
461 4275 503 4336 qui
526 4282 583 4323 anta
604 4275 681 4336 ipsius
745 4275 760 4313 k
778 4275 817 4323 De
832 4275 878 4323 hoc
892 4275 989 4323 Joanne
1000 4275 1126 4323 comneno
1136 4272 1249 4320 Boisson-

145 4347 250 4399 etatern,
272 4338 317 4402 πρὸ
338 4337 412 4398 ἡμῶν,
435 4338 528 4388 sucmnt
553 4355 568 4387 a
593 4339 681 4388 Sancto
712 4339 782 4387 adius
792 4340 851 4388 dicit
869 4355 894 4388 sa
911 4338 974 4387 nihil
990 4339 1092 4389 nonime.
1128 4337 1250 4399 “Versus

774 4440 828 4480 Ra
