2790 4958
250 319 314 384 172
542 314 838 380 BaloattaMoost
851 315 1061 383 Mantuano.

291 565 485 626 Ammitatis
499 565 580 625 addit
597 566 804 645 ὃῑῙΡθΥῘΟΥῘῙ)118
821 566 898 638 (vide
911 568 952 624 ad
960 566 1102 646 paginam
1117 567 1171 640 62)
1188 568 1216 625 L
1238 608 1253 621 .
1296 487 1354 551 pag·

290 664 385 722 dovici
399 662 518 720 Litcris.
1319 684 1347 722 11

250 760 390 838 Ejusdem
405 758 583 816 Pascnams
599 755 734 833 Epistola
747 755 784 813 ad
797 756 818 813 J
819 775 942 814 oannem
958 757 1090 816 Priorem
1109 757 1251 817 Eccleaiae

288 856 367 914 beati
382 854 465 913 Petri
480 853 516 912 de
531 853 659 912 Valeriis
672 854 703 910 in
718 852 908 931 Septimania.
1318 877 1350 916 η

249 955 415 1012 Gauaoau
431 952 523 1009 Para
536 951 628 1008 VIII.
643 971 694 1009 seu
708 951 807 1029 potius
821 949 947 1008 Burdini
963 951 1098 1030 Epistola
1111 953 1149 1012 ad
1164 953 1252 1013 Heu.

288 1052 382 1108 ricum
396 1049 435 1108 V.
451 1049 670 1126 Imperatorem.
1279 1052 1350 1111 ibid.

250 1149 405 1206 Canursrr
420 1148 464 1205 II.
481 1147 573 1204 Parin
589 1144 724 1224 Epistola
743 1144 779 1203 ad
800 1144 1010 1222 Berengarium
1026 1144 1171 1206 Abbatem
1186 1168 1249 1206 mo·

289 1245 407 1303 nasterii
422 1242 584 1302 crassensis
598 1243 629 1298 in
643 1240 832 1319 Septimania.
1316 1263 1348 1319 13

250 1340 387 1419 Ejusdem
402 1336 536 1416 Epistola
557 1335 593 1394 ad
616 1335 759 1394 illustram
778 1335 915 1395 feminam
935 1336 1114 1396 Jussolinam
1128 1348 1158 1398 et
1172 1338 1250 1400 libas

289 1437 362 1513 ejus,
377 1434 507 1512 ejusdem
522 1433 685 1510 argumenti
699 1453 764 1490 cum
780 1435 937 1512 superiore.
1279 1438 1348 1498 ibid.

249 1534 388 1613 Ejusdem
404 1531 491 1590 Bulla
505 1530 541 1589 de
554 1529 718 1607 Privilegiis
730 1530 903 1590 Monasterii
923 1543 1028 1592 sanctae
1043 1532 1147 1591 Maria
1161 1533 1182 1591 J
1183 1555 1248 1593 oso·

288 1630 359 1710 phat
374 1629 405 1687 in
417 1627 535 1686 dioecesi
550 1626 731 1685 Carnotensi.
1279 1631 1348 1690 ibid.
1388 1691 1393 1697 ,

247 1728 388 1807 Ejusdem
403 1723 538 1804 Epistola
552 1723 589 1781 ad
603 1724 779 1782 Marbodum
794 1725 974 1805 Episcopum
990 1726 1203 1786 Redonensem.
1315 1747 1349 1801 14

249 1825 388 1904 Ejusdem
411 1820 546 1900 Epistola
570 1820 607 1878 ad
631 1820 800 1879 Girbertum
829 1821 1009 1901 Episcopum
1033 1834 1064 1881 et
1086 1823 1249 1883 Canonicos

289 1922 475 1980 Parisiensea.
550 1968 554 1975 .
1035 1917 1042 1928 ”
1279 1922 1348 1980 ibid.

240 2020 405 2078 Catinam
430 2017 522 2074 Parus
548 2016 589 2072 11.
616 2014 751 2093 Epistola
778 2017 815 2075 ad
842 2016 1025 2077 Ludovicum
1049 2018 1106 2077 VI.
1135 2017 1248 2096 Regem

290 2117 477 2173 Francorum.
1279 2113 1349 2173 ibid.

249 2213 442 2270 Iunocarcrrr
458 2209 548 2266 Para
564 2207 607 2267 11.
623 2208 765 2287 Epistolae
784 2209 848 2268 duae
868 2210 904 2269 ad
923 2209 1070 2270 Abbatem
1089 2221 1119 2269 et
1141 2211 1249 2269 Mona-

289 2309 358 2368 chos
372 2308 541 2366 Beccenses.
1276 2308 1347 2366 ibid.

250 2407 388 2485 Ejusdem
404 2406 494 2483 Papae
508 2401 643 2482 Epistola
657 2401 693 2460 ad
708 2403 832 2462 eosdem.
1279 2404 1349 2463 ibid.

249 2505 444 2562 Innocuam
466 2502 509 2559 II.
534 2501 626 2558 Para
656 2499 791 2578 Epistola
819 2500 856 2559 ad
885 2501 1038 2579 Ulgerium
1066 2501 1248 2580 Episcopum

288 2599 539 2678 Andagarensem.
1316 2615 1347 2674 15

249 2699 395 2758 Uuaaarr
411 2696 551 2776 Episcopi
565 2693 786 2773 Andegavensis
803 2694 907 2753 relatio
926 2695 962 2753 ad
982 2695 1188 2754 Innocentium
1202 2695 1247 2753 11.

293 2797 400 2874 Papam
422 2815 475 2873 pro
496 2792 678 2851 Monasterio
698 2792 821 2851 Rotensi
842 2792 979 2851 adversus
993 2792 1157 2851 Monachos
1171 2790 1246 2849 Vin.

290 2890 465 2949 docinenses.
1277 2889 1347 2948 ibid.

248 2989 446 3047 quoonnrn
472 2985 515 3044 II.
545 2985 637 3043 Parra
668 2985 810 3064 Epistolae
837 2985 874 3045 ad
909 2986 1072 3046 Robertum
1100 2984 1247 3046 Abbatem

289 3086 401 3142 Sanctae
417 3082 520 3140 Mariae
534 3082 570 3141 de
586 3082 671 3140 Rota.
1313 3101 1347 3158 17

248 3181 295 3239 Dc
309 3180 403 3259 primo
416 3180 493 3239 dono
508 3179 647 3239 Ecclesiae
662 3178 753 3237 sancti
767 3178 884 3237 Nicolai
900 3179 936 3237 de
950 3178 1093 3237 Credone.
1314 3181 1349 3238 18

247 3277 427 3336 Pascnanrs
442 3278 485 3335 11.
500 3276 686 3355 privilegium
701 3275 738 3334 de
752 3275 853 3334 eodem
867 3274 944 3334 dono
959 3275 1059 3334 Sancti
1074 3276 1106 3333 N
1107 3275 1200 3334 icolai.
1277 3277 1349 3337 ibid.

248 3373 396 3432 Fundatio
410 3373 549 3432 Ecclesiae
564 3374 595 3432 S.
607 3373 710 3431 Mariae
724 3373 760 3431 da
776 3372 863 3431 Rota.
1276 3375 1348 3435 ibid.

248 3471 468 3530 Eversum.
483 3470 619 3549 Epistola
632 3470 668 3528 ad
691 3471 813 3528 Petrum
825 3470 988 3548 Regensem
1004 3480 1034 3529 et
1049 3470 1245 3528 Bertrandum

289 3567 519 3644 Forojuliensem
534 3568 705 3646 Episcopos.
1314 3588 1349 3645 19

249 3665 388 3744 Ejusdem
402 3665 493 3743 Pcpae
507 3663 649 3743 Epistolae
660 3663 725 3721 duae
739 3663 776 3722 ad
790 3662 936 3722 Abbatem
950 3674 981 3722 et
995 3663 1157 3722 Monachos
1171 3663 1247 3722 Bec-

287 3782 394 3820 ceuses.
1275 3760 1348 3820 ibid.

247 3858 448 3917 Anaxannnr
463 3857 524 3916 111.
539 3855 682 3935 Epistola
696 3857 762 3915 duoe
775 3877 829 3935 pro
843 3857 975 3916 Ecclesia
989 3855 1134 3916 Albiensi.
1312 3877 1349 3917 ao

247 3955 382 4034 Epistola
397 3956 593 4013 Innocuam
608 3953 670 4013 ΙΙΙ.
685 3975 738 4034 pro
753 3953 853 4013 eadem
868 3954 1008 4014 Ecclesia.
1276 3955 1348 4015 ibid.

247 4051 387 4110 Pansam
403 4051 566 4110 Cardinalis
585 4061 691 4111 sanctae
705 4050 830 4110 Caeciliae
849 4050 985 4130 Epistola
998 4051 1036 4109 ad
1050 4049 1244 4109 Guillelmum

287 4148 467 4227 Episcopum
482 4146 660 4206 Albicnsem.
1276 4148 1346 4208 ibid.

246 4245 389 4324 Epistola
403 4245 468 4303 duae
483 4243 682 4304 Anaxarcnar
699 4246 759 4304 111.
781 4265 835 4325 pro
854 4245 1006 4304 Guinardo
1028 4245 1143 4305 Comite
1166 4246 1242 4305 Rus-

287 4342 445 4402 cinonensi.
1275 4342 1343 4401 ibid.
