2790 4958
373 336 517 402 Fabricii
531 336 717 403 Bibliotheca
731 336 953 404 Ecclesiastico.
1179 340 1244 403 lea

187 507 291 588 Quum
317 507 474 571 Scrinium
496 506 719 592 Arstc'qucricarc
743 505 895 569 Drurnms
917 507 1050 584 Garun,
1073 507 1163 591 cujus
1189 507 1242 570 In-

143 609 246 673 dicem
261 609 443 673 doctissimo
461 609 573 683 amico,
589 610 613 672 J
614 608 715 673 acobo
730 607 775 672 H.
786 608 887 686 Todd,
904 607 1113 684 Dubliniensi,
1129 609 1240 684 debeo,

143 711 186 774 ad
200 709 367 775 historiam
379 710 635 776 Ecclesiasticam
649 710 857 775 recentiorem
871 717 999 775 tantum
1013 711 1152 795 respicit,
1163 711 1242 774 nihil

142 812 205 876 nisi
223 812 353 877 titulum
372 813 559 878 describam.

145 966 322 1037 Scrinium
356 963 610 1056 Antiquarium
643 966 717 1034 sive
752 965 985 1037 Miscellanea
1015 967 1243 1062 Groningana

220 1081 326 1151 Nova
352 1081 397 1150 ad
425 1079 622 1150 Historiam
653 1080 928 1152 Reformationis
956 1082 1242 1155 Ecclesiasticam

219 1198 397 1290 praecipue
437 1197 642 1288 spectantia.
694 1197 904 1267 Inserantur
936 1199 1122 1270 Ibactatus
1156 1203 1242 1271 varii

219 1313 366 1405 generis,
395 1296 576 1403 Epistolae,
603 1311 801 1396 Orationes,
828 1313 1063 1407 Biographiae‚
1095 1324 1132 1385 et
1162 1318 1241 1387 sim.

220 1429 303 1499 Sive
324 1451 505 1518 nunquam
527 1437 633 1498 antea
655 1429 772 1511 editae,
791 1430 864 1499 sive
889 1431 940 1498 ita
965 1430 1070 1499 factae
1096 1433 1243 1502 rariores

220 1553 262 1613 ut
295 1567 358 1635 pro
392 1543 534 1614 ineditis
566 1544 688 1614 haberi
721 1546 867 1637 possint.
925 1544 1096 1617 Fascicul.
1132 1546 1242 1619 XVI.

220 1660 436 1732 TomVIII.
453 1659 640 1752 compleat.
657 1661 694 1729 in
712 1664 785 1730 cto.
803 1684 859 1730 an.
876 1681 1080 1732 Moocxmx.

636 1931 745 2002 XIX.

189 2102 380 2186 Priusquam
403 2124 424 2166 a
447 2102 614 2169 Germanis
639 2103 682 2166 ad
708 2103 809 2167 Italos
834 2105 1033 2184 transeatis
1055 2104 1244 2190 quibusdam

146 2205 214 2270 viri
236 2204 401 2271 clarissimi
424 2205 560 2269 Joarrurs
582 2205 721 2268 Asanam
743 2205 884 2269 Fannron
905 2206 976 2271 aliis
999 2208 1244 2275 Oolleotionibus

144 2331 242 2394 supra
272 2310 319 2392 (p.
345 2309 403 2391 35)
433 2329 455 2372 a
481 2329 534 2371 me
563 2308 687 2372 omissis
720 2308 912 2373 mentionem
940 2310 1066 2375 faciam.
1119 2311 1244 2376 Titulus

144 2410 338 2476 Bibliottcccc
352 2410 569 2475 Eccbsc‘asticcc
584 2410 782 2474 Fabricianae
804 2410 932 2475 nomina
950 2412 1091 2497 Operum
1112 2435 1150 2478 eo
1172 2435 1244 2478 con-

144 2522 308 2580 tentorum
327 2515 425 2579 oculis
443 2514 597 2579 lectorum
615 2513 725 2578 offert:

145 2700 371 2772 Bibliotheca
391 2700 649 2784 Ecclesiastico,
666 2703 704 2770 in
728 2725 797 2792 qua
818 2703 1047 2773 continentur
1066 2702 1111 2772 de
1129 2702 1246 2795 Scrip-

221 2820 357 2889 toribus
384 2818 641 2889 Ecclesiasticis
670 2818 708 2889 S.
735 2817 992 2891 Hnaosrnns
1021 2843 1104 2890 cum
1134 2821 1245 2891 veteri

221 2936 380 3005 versione
410 2935 535 3006 Graeca
564 2957 670 3025 quam
699 2943 828 3004 vocant
860 2934 1057 3027 Sophronii‚
1084 2943 1122 3006 et
1151 2959 1245 3007 nunc

221 3053 374 3143 primum
398 3050 551 3144 vulgatis
575 3051 730 3121 Editoris
756 3052 858 3135 notis,
877 3050 1137 3145 Hieronymum
1163 3076 1245 3123 cum

222 3166 377 3237 Eusebio
394 3175 557 3237 accurate
575 3166 858 3237 conferentibus:
881 3167 1057 3259 adjunctis
1074 3177 1246 3261 praeterea

222 3283 511 3377 castigationibus
529 3281 673 3352 Suffridi
691 3281 790 3352 Petri
813 3290 850 3352 et
871 3282 928 3352 Jo.
944 3281 1161 3367 Marcianaei,
1180 3308 1246 3354 nec

222 3422 293 3468 non
310 3399 456 3492 integris
474 3397 623 3480 Erasmi,
642 3396 796 3468 Mariani
808 3396 973 3480 Victorii,
986 3397 1099 3469 Henr.
1114 3399 1246 3483 Gravii,

222 3514 318 3584 Aub.
338 3513 468 3603 Miraei,
487 3511 601 3581 Wilh.
624 3513 764 3583 Ernesti
787 3512 960 3584 Tentzelii
983 3523 1020 3583 et
1045 3515 1128 3584 Ern.
1148 3514 1247 3586 Salo-

221 3628 336 3696 monis
354 3627 519 3719 prriani
537 3626 834 3696 annotationibus.
877 3624 1072 3718 Appendix
1090 3628 1134 3696 de
1148 3626 1247 3698 Vitis

223 3742 528 3837 Evangelistarum
556 3751 593 3812 et
610 3740 879 3834 Apostolorum,
898 3741 1025 3813 Graece
1051 3750 1088 3811 et
1107 3741 1246 3812 Latine.

223 3857 416 3950 Appendix
441 3857 562 3939 altera,
593 3881 671 3949 quae
700 3858 813 3928 fertur
831 3859 908 3949 Jam
935 3859 1000 3927 sub
1026 3857 1132 3926 titulo
1160 3856 1248 3927 Hie-

223 3975 359 4067 ronymi
385 3974 430 4043 de
458 3974 646 4043 duodecim
668 3973 892 4055 Doctoribus‚
912 3973 989 4064 jam
1016 3973 1081 4044 sub
1104 3975 1247 4043 nomine

222 4083 330 4154 Bedae
348 4086 393 4155 de
411 4084 660 4156 Luminaribus
678 4084 859 4156 Ecclesiae.
904 4085 1126 4157 Gauuamus
1144 4084 1248 4158 Mas-

222 4220 401 4283 srnrnNsla
431 4203 608 4276 annotatis
637 4201 867 4273 Lectionibus
901 4203 1031 4273 codicis
1064 4204 1246 4294 antiquiss.

223 4314 454 4408 corbejensis
476 4326 514 4388 et
544 4317 740 4409 subjunctis
768 4319 945 4389 variorum
974 4320 1078 4401 notis,
1103 4318 1247 4389 Suffridi
