2790 4958
254 297 318 361 130
492 296 663 361 Tromlellii
685 298 822 361 Votorum
835 298 971 361 Petraeo
987 297 1149 383 Opuaoals.

330 465 477 535 Patrnm
503 464 684 558 Opuscula
711 489 732 535 a
757 465 944 536 Canonicis
968 464 1203 560 Regularibus
1230 465 1355 537 Sancti

329 579 522 651 Salvatoris
540 581 712 650 Bononiae
731 580 861 673 Majori
885 591 1053 676 exparte
1078 599 1173 653 nun‘c
1198 583 1354 675 primum
1381 620 1383 625 =

328 697 433 767 edita.
473 698 830 782 Bononiae,n11)ch.V.
882 698 1111 791 Superiorum
1127 700 1323 800 permissu.-

321 915 399 996 Quae
414 916 474 980 hoc
489 916 524 979 in-
535 915 617 981 libro
632 915 763 994 edimus,
781 915 946 1000 (Editores
961 917 1096 998 dicunt)
1113 918 1181 983 haec
1196 905 1288 984 suut.

252 1059 276 1117 I.
291 1061 386 1118 Bana
400 1062 534 1141 praefatio
548 1061 579 1118 in
594 1061 744 1140 Epistolas
759 1060 929 1119 Canonicas.
1279 1141 1282 1145 ,
1355 1137 1358 1145 ‚

252 1157 668 1221 II.Caaun11Tausrunus1s
692 1159 788 1239 priora
812 1159 843 1217 in
865 1159 970 1216 Libros
993 1159 1108 1237 Regum
1133 1155 1350 1227 commentaria,

374 1256 475 1316 multis
488 1258 519 1314 iu
533 1257 604 1316 locis
618 1256 779 1326 emendata,
795 1268 825 1315 et
838 1246 952 1316 ¹collata
972 1276 1038 1316 cum
1059 1257 1096 1315 iis
1110 1257 1250 1316 Veterum
1270 1257 1351 1326 locis,

372 1374 443 1430 quas
457 1354 519 1432 ipse
533 1354 696 1432 exscripsit.

252 1447 314 1506 111.
340 1449 481 1508 Curuurr
507 1451 733 1510 Taunmnusrs
759 1451 919 1530 posteriora
945 1451 976 1507 in
998 1450 1105 1509 Libros
1128 1449 1242 1530 Regum
1272 1470 1350 1508 com·

374 1548 525 1606 meutaria.

251 1642 306 1701 IV.
320 1644 496 1700 Puunnuru
513 1645 671 1703 Tricastini
683 1644 824 1723 Episcopi
836 1643 1028 1722 Florilegium
1043 1664 1081 1702 ex
1092 1644 1180 1703 Sacra
1191 1643 1351 1723 Scriptura.

252 1738 293 1796 V.
316 1740 474 1797 Gorrnrm
490 1743 736 1800 Vrunocusnusrs
751 1740 894 1819 Epistola.
908 1740 983 1798 duae.

252 1844 311 1903 Vl.
337 1846 372 1904 G.
386 1847 614 1907 Mediolanensis
628 1847 849 1926 Archiepiscopi
865 1846 1007 1925 Epistola.

253 1942 328 2000 VII.
359 1943 580 2002 Hucuccroms
609 1944 803 2002 Ferrariensis
828 1943 968 2023 Episcopi
997 1944 1033 2003 de
1058 1943 1197 2024 Symbclo
1227 1947 1292 2018 (sen
1320 1944 1352 2002 in

375 2040 560 2119 Symbolum)
575 2040 798 2120 Apostolorum.
935 2029 938 2035 ’

253 2135 344 2194 VIII.
372 2137 481 2196 Veturti
508 2138 647 2198 Canonici
671 2138 831 2216 Reguloris
856 2138 983 2195 Houorii
1007 2136 1286 2216 Augustoduuensis
1316 2137 1352 2212 (si

375 2243 441 2316 vis,)
464 2243 647 2323 opusculum,
663 2244 699 2302 de
720 2243 886 2320 cognitione
907 2262 983 2301 verae
1005 2234 1134 2311 vitane
1148 2242 1224 2312 Deo,
1239 2252 1271 2300 et
1292 2243 1352 2300 vita

374 2357 491 2406 aterna.

254 2443 313 2504 IX.
335 2445 519 2502 Inuocnuru
534 2445 593 2503 111.
609 2445 645 2504 de
659 2445 881 2522 Quadripertita
894 2445 990 2524 specie
1004 2441 1205 2522 nuptiarumb.

254 2541 292 2599 X.
314 2540 465 2618 Antiquus
480 2542 693 2621 Episcoporum
708 2541 847 2601 Ecclesia
862 2541 1055 2600 Bononiensis
1069 2540 1237 2618 catalogus.

728 2790 878 2862 XXIV.

298 2934 428 2998 Interea
456 2935 504 2998 vir
532 2935 741 3015 doctissimus,
767 2935 957 2999 Faaucrsous
977 2934 1142 2998 Aaromus
1163 2933 1352 3014 Zacaanms,

256 3037 336 3100 duas
358 3037 597 3101 Anecdotorum
617 3036 842 3103 (lolleetionesi
867 3038 900 3102 in
924 3039 1027 3102 lucem
1049 3038 1174 3103 edebat.
1221 3037 1352 3116 Primis,

257 3139 310 3223 qui
324 3161 408 3203 anuo
424 3162 554 3204 unconn.
569 3140 670 3205 lucem
685 3140 841 3225 adspexit,
856 3139 970 3204 titulus
983 3139 1035 3204 hic
1051 3146 1117 3203 est:

257 3293 481 3366 Bibliotheca
506 3296 727 3386 Pistoriensis
752 3319 774 3366 a
795 3295 980 3366 Francisco
1001 3293 1162 3364 Antonio
1182 3293 1355 3365 Zacharia

289 3569 356 3619 hue
375 3570 421 3618 ista
437 3568 612 3632 quadripartita
628 3566 705 3629 specie
719 3566 788 3627 Nup-
820 3565 893 3614 nibus
914 3572 1029 3613 contenta
1047 3564 1111 3612 idam
1131 3564 1160 3614 F.
1172 3564 1212 3612 A..
1224 3565 1354 3616 Zacharias

256 3637 347 3686 tiarum
359 3635 515 3683 Innocentius
526 3635 576 3696 ipsc
588 3633 621 3680 sic
632 3632 735 3679 dicit:“
744 3630 786 3677 Sa·
820 3629 868 3678 alia
895 3645 972 3692 pauca
996 3638 1050 3677 tum
1076 3629 1148 3677 Sacra
1172 3639 1226 3678 tum
1253 3632 1355 3694 profana

256 3717 298 3751 cra
316 3703 415 3748 docente
434 3699 565 3761 Scriptura,
583 3696 710 3745 didicimus
731 3711 789 3757 qua-
821 3694 897 3743 edidit
919 3695 983 3756 apud
1005 3693 1103 3754 librum,
1121 3693 1205 3757 (quem
1224 3695 1355 3760 pauidam)

256 3777 313 3818 tuor
342 3781 394 3814 esse
424 3765 512 3826 species
540 3762 688 3824 Nuptiarum
716 3762 790 3820 juxta
821 3759 867 3808 hoc
880 3759 952 3808 titulo
967 3758 1124 3820 inscriptum:

256 3840 361 3895 quatuor
377 3829 521 3890 theologicos
538 3826 687 3876 intellectus:
705 3824 789 3873 Histo·
854 3824 975 3872 Francisci
987 3824 1088 3871 Antonii
1099 3823 1221 3872 Zacharia
1230 3824 1356 3875 Societatis

256 3899 342 3956 riuum,
364 3894 533 3956 attagenam,
552 3891 744 3954 Tropologicum,
763 3898 789 3939 et
821 3889 883 3938 Jesu
892 3889 1016 3936 Excursus
1026 3887 1150 3936 Litterarii
1161 3904 1204 3952 per
1216 3889 1314 3938 Italiam
1325 3891 1356 3938 ab

257 3960 433 4022 anagogicum.
468 3955 789 4012 Primumintervimm,et
821 3969 888 4002 anno
905 3966 1051 4000 unocxun.
1071 3954 1102 4000 sd
1117 3968 1211 4001 annum
1227 3967 1357 4003 atacem.

256 4026 389 4089 legitimam
405 4023 537 4071 ioeminam.
570 4022 709 4070 Securudum
725 4019 790 4068 inter
822 4018 940 4067 Volumeu
964 4018 985 4065 I.
1007 4016 1112 4079 Joaepho
1134 4018 1221 4067 illaria
1243 4018 1356 4082 Sapor-ito

258 4091 428 4149 Christum‚ct
443 4095 550 4136 muctam
562 4085 702 4135 Ecclesiam.
728 4083 789 4133 'I'er-
822 4083 987 4132 illustrissimo
1006 4097 1034 4130 ac
1054 4082 1222 4132 Reverendiss.
1239 4083 1356 4134 Ganuen-

257 4156 320 4204 tIum
336 4154 401 4202 inter
418 4152 508 4211 Deum,
522 4161 548 4199 et
563 4153 655 4212 J'ustam
674 4149 789 4197 animam.
822 4149 887 4197 sium
908 4147 1095 4210 Archiepiscep'u
1119 4147 1273 4212 inscriptum.
1309 4149 1357 4199 Va·

159 4271 161 4275 ⁴
257 4218 381 4280 Quarmm
400 4217 463 4265 inter
478 4216 596 4275 Verbum,
614 4222 640 4264 et
655 4213 789 4262 humanam
822 4213 902 4274 netiis,
927 4225 1059 4260 nnccurv.
1097 4211 1138 4260 Ex
1160 4208 1356 4263 Remondiniano

240 4294 402 4398 ‚nssffflihr
413 4293 576 4394 ligidema
586 4340 613 4392 in
628 4343 666 4391 his
677 4342 788 4391 Volumi.
823 4276 1180 4404 gffifffffihsmtppum
1190 4294 1319 4349 μω,
1327 4294 1357 4328 ,9
