2790 4958
237 317 281 381 86
611 312 788 382 Matttbstt
809 316 966 382 Anubem.

239 572 388 650 Excerpta
401 591 438 631 ex
452 572 629 650 Necroloffio
643 572 796 652 Augiensi.
1274 492 1337 649 ΣΞ

240 666 337 725 Caroli
354 667 451 727 Crassi
473 669 547 747 Imp.
562 669 807 728 commemoratio
827 670 905 748 apud
919 669 1083 748 Augienscs
1102 671 1238 729 instituta

281 784 299 821 a
312 765 461 824 Csnonno
475 765 623 845 Episcopo
637 765 821 824 Novariensi.
1267 766 1339 826 ibid.

242 860 334 918 Enim
349 861 489 940 Episcopi
502 861 741 940 lerosolymitani
754 861 889 940 Epistola
903 863 1057 943 encyclica,
1071 883 1129 942 qua
1142 863 1237 922 Mala-

283 978 386 1017 cenum
397 958 576 1037 Episcopum
590 959 739 1035 sociosque
753 958 817 1036 ejus
830 979 846 1016 a
861 959 1011 1018 Saracenis
1024 960 1099 1019 male
1112 961 1237 1030 habitos,

283 1055 475 1113 commendat.
1278 1058 1339 1131 428

243 1149 424 1208 Bassorum
454 1152 547 1209 Pseu
571 1151 628 1210 IV.
649 1150 784 1229 Epistola
810 1150 964 1242 encyclica,
992 1151 1122 1229 ejusdem
1150 1173 1237 1232 argu·

125 1250 129 1257 '
244 1248 247 1254 ’
282 1248 384 1306 menti.
1263 1250 1336 1309 ibid.

244 1343 430 1401 Msunrorus
451 1343 591 1423 Episcopi
613 1342 841 1412 Catalauncnsis,
864 1343 998 1420 Epistola
1019 1344 1056 1403 ad
1077 1343 1237 1403 Falconem

285 1438 544 1519 Archiepiscopum
570 1434 758 1498 Remenscm'
771 1439 807 1497 dc
830 1439 953 1516 quodam
980 1439 1163 1520 Presbytero,
1188 1443 1238 1519 qui

284 1557 405 1595 uxorem
420 1536 525 1595 ducere
538 1545 710 1594 tentaverat.
1279 1557 1340 1616 429

245 1632 398 1691 Gsnsnm
421 1632 559 1690 Monachi
577 1631 720 1710 Prologus
740 1633 771 1690 in
792 1632 882 1691 vitam
906 1632 936 1690 S.
949 1633 1074 1690 Romani
1088 1634 1239 1714 Episcopi,

285 1730 322 1788 ad
336 1730 494 1807 Hugonem
508 1727 767 1807 Arcbiepiscopum
783 1729 1036 1807 Rotomagensem.
1268 1731 1339 1789 ibid.

245 1827 397 1885 Annanrr
427 1825 552 1884 Abbatis
580 1825 765 1884 Miciacensis
793 1825 927 1904 Epistola
954 1825 991 1884 ad
1017 1826 1160 1886 Ioannem
1185 1828 1241 1886 Pa·

284 1944 350 2004 pam
366 1922 472 1981 XVII.
843 1996 846 2001 ι
1281 1943 1341 2002 43ο

246 2023 384 2104 Ejusdem
398 2019 546 2099 Diploma.
1281 2043 1338 2098 431

246 2118 380 2177 Proefatio
395 2117 585 2174 Hnurnmcr
600 2115 726 2174 Abbatis
740 2115 770 2173 in
782 2115 887 2174 librum
902 2115 938 2174 dc
952 2117 1109 2195 Computo.
1272 2120 1342 2178 ibid.

245 2216 400 2274 Ananim
428 2213 565 2272 Monachi
592 2211 786 2271 Acrostichou
817 2210 854 2269 ad
880 2210 1033 2270 Rohoncm
1061 2210 1240 2293 Episcopum

286 2308 546 2386 Engolismensem.
1280 2329 1340 2386 432

246 2406 399 2466 Osuunnr
423 2405 563 2484 Episcopi
588 2404 785 2464 Astoricensis
810 2405 945 2484 Epistola
972 2405 1009 2465 ad
1033 2406 1116 2466 Idam
1141 2409 1239 2467 Comi-

285 2505 382 2562 tissam
399 2502 623 2560 Bononiensem.
1094 2566 1096 2572 ,
1281 2525 1340 2583 433

546 2662 699 2748 Epistolae
715 2664 955 2749 Tegemsenses‚
971 2665 1036 2730 scil.

246 2803 273 2861 1.
288 2801 431 2859 Oudoura
451 2799 512 2856 111.
534 2800 610 2877 Imp.
637 2799 673 2858 dc
697 2800 817 2859 conditu
839 2800 1012 2860 Monasterii
1034 2801 1190 2860 Seuveusis
1210 2803 1241 2860 iu

287 2895 430 2955 Baioaria.
1282 2917 1340 2975 433

247 2994 289 3051 II.
312 2994 456 3051 Orronrs
471 2991 517 3051 11.
528 2991 604 3072 Imp.
619 2991 655 3050 ad
669 2992 842 3053 Diemonem
857 2992 1011 3054 Comitem.
1280 3015 1342 3072 434

246 3091 306 3149 111.
322 3091 458 3170 Ejusdem
472 3089 508 3147 ad
524 3090 697 3168 Piligrinum
712 3091 902 3171 Episcopum.
1270 3094 1341 3162 ibid.

322 3186 511 3266 Epitaphium
526 3187 669 3245 Hartwici
683 3187 817 3247 Abbatis.
1272 3192 1342 3251 ibid.

247 3283 304 3342 IV.
323 3283 480 3362 Encyclica
494 3283 726 3343 Ansnnnnorus
741 3284 891 3365 Episcopi,
906 3286 938 3344 iu
950 3287 1073 3366 gratiam
1090 3287 1240 3364 cujusdam

286 3380 437 3438 homicidae
451 3381 628 3458 poenitentis.
644 3395 647 3399 ·
1272 3385 1342 3444 ibid.

247 3479 287 3537 V.
302 3477 469 3536 Gozannm
485 3476 609 3535 Abbatis
623 3477 659 3535 ad
674 3477 801 3536 Utoncm
816 3489 961 3557 nepotem.
1269 3481 1342 3540 ibid.

246 3572 304 3631 VI.
319 3572 458 3651 Ejusdem
472 3572 509 3629 ad
523 3573 666 3631 Comitem
682 3572 790 3653 Adelp.
1271 3576 1343 3635 ibid.

246 3669 321 3728 VII.
336 3669 475 3748 Ejusdem
489 3669 526 3726 ad
540 3668 628 3727 Dom.
643 3671 686 3727 M.
701 3691 754 3749 pro
768 3670 902 3748 piscibus.
1271 3673 1343 3734 ibid.

245 3766 338 3824 VIII.
356 3764 492 3843 Ejusdem
506 3765 543 3823 ad
556 3765 720 3824 Aruoldum
735 3777 871 3844 nepotem
886 3787 980 3826 suum.
1283 3787 1342 3847 435

248 3861 305 3919 IX.
322 3862 515 3919 Gonnnsnnr
530 3861 655 3920 Abbatis
669 3862 705 3919 ad
719 3882 787 3921 suos
801 3863 1022 3941 Tegernsenses.
1272 3867 1344 3925 ibid.

246 3961 284 4017 X.
301 3959 439 4038 Ejusdem
454 3957 490 4016 ad
505 3958 688 4017 Theodulum
704 3958 894 4038 Episcopum.
1273 3963 1345 4021 ibid.

249 4056 306 4113 XI.
323 4054 461 4134 Ejusdem
476 4053 513 4111 ad
527 4053 567 4113 A.
576 4053 723 4113 Abbatem
737 4055 981 4115 Lunaelacensem.
1271 4059 1344 4120 ibid.

250 4150 325 4208 XII.
342 4149 517 4208 Fnouuntnr
535 4149 675 4209 Monachi
689 4151 896 4228 Tegerusensis
917 4152 954 4211 ad
968 4153 1153 4212 Theodulum
1168 4154 1242 4234 Epi-

290 4265 418 4324 scopum.
1271 4253 1344 4312 ibid.

250 4342 342 4402 XIII.
359 4342 552 4398 Gonnunnm
569 4341 692 4399 Abbatis
706 4341 742 4399 ad
757 4343 910 4418 quamdam
925 4343 1119 4404 Abbatissam.
1285 4349 1345 4422 436
