<?xml version="1.0" encoding="UTF-8"?>
<!DOCTYPE html PUBLIC "-//W3C//DTD XHTML 1.0 Transitional//EN"
    "http://www.w3.org/TR/xhtml1/DTD/xhtml1-transitional.dtd">
<html xmlns="http://www.w3.org/1999/xhtml" xml:lang="en" lang="en">
 <head>
  <title>
</title>
<meta http-equiv="Content-Type" content="text/html;charset=utf-8" />
  <meta name='ocr-system' content='tesseract 3.04.00' />
  <meta name='ocr-capabilities' content='ocr_page ocr_carea ocr_par ocr_line ocrx_word'/>
</head>
<body>
  <div class='ocr_page' id='page_1' title='image "./notitiascriptor00dowlgoog_0259.png"; bbox 0 0 2790 4958; ppageno 0'>
   <div class='ocr_carea' id='block_1_1' title="bbox 236 296 987 382">
    <p class='ocr_par' dir='ltr' id='par_1_1' title="bbox 236 296 987 382">
     <span class='ocr_line' id='line_1_1' title="bbox 236 296 987 382; baseline -0.005 -19"><span class='ocrx_word' id='word_1_1' title='bbox 236 297 300 363; x_wconf 81' lang='lat' dir='ltr'><strong>nuo</strong></span> <span class='ocrx_word' id='word_1_2' title='bbox 589 297 689 362; x_wconf 72' lang='lat' dir='ltr'><strong>nunt</strong></span> <span class='ocrx_word' id='word_1_3' title='bbox 703 297 855 382; x_wconf 64' lang='lat' dir='ltr'><em>neuun</em></span> <span class='ocrx_word' id='word_1_4' title='bbox 870 296 987 360; x_wconf 67' lang='lat' dir='ltr'><strong>snm.</strong></span> 
     </span>
    </p>
   </div>
   <div class='ocr_carea' id='block_1_2' title="bbox 238 467 1239 1906">
    <p class='ocr_par' dir='ltr' id='par_1_2' title="bbox 238 467 537 530">
     <span class='ocr_line' id='line_1_2' title="bbox 238 467 537 530; baseline 0 -4"><span class='ocrx_word' id='word_1_5' title='bbox 238 467 389 528; x_wconf 76' lang='lat' dir='ltr'><strong>Aomm</strong></span> <span class='ocrx_word' id='word_1_6' title='bbox 404 469 537 530; x_wconf 66' lang='lat' dir='ltr'><strong>Olenon.</strong></span> 
     </span>
    </p>

    <p class='ocr_par' dir='ltr' id='par_1_3' title="bbox 238 562 513 624">
     <span class='ocr_line' id='line_1_3' title="bbox 238 562 513 624; baseline 0.007 -2"><span class='ocrx_word' id='word_1_7' title='bbox 238 563 363 624; x_wconf 70' lang='lat' dir='ltr'><strong>Amsro</strong></span> <span class='ocrx_word' id='word_1_8' title='bbox 378 562 513 624; x_wconf 85' lang='lat' dir='ltr'><strong>Pellaeus.</strong></span> 
     </span>
    </p>

    <p class='ocr_par' dir='ltr' id='par_1_4' title="bbox 239 662 385 721">
     <span class='ocr_line' id='line_1_4' title="bbox 239 662 385 721; baseline 0.007 -2"><span class='ocrx_word' id='word_1_9' title='bbox 239 662 385 721; x_wconf 74' lang='lat' dir='ltr'><strong>Msmo.</strong></span> 
     </span>
    </p>

    <p class='ocr_par' dir='ltr' id='par_1_5' title="bbox 239 757 833 1012">
     <span class='ocr_line' id='line_1_5' title="bbox 241 757 707 820; baseline -0.004 -2"><span class='ocrx_word' id='word_1_10' title='bbox 241 760 274 820; x_wconf 91' lang='lat' dir='ltr'><strong>S.</strong></span> <span class='ocrx_word' id='word_1_11' title='bbox 289 760 456 818; x_wconf 71' lang='lat' dir='ltr'><strong>Curemus</strong></span> <span class='ocrx_word' id='word_1_12' title='bbox 470 757 707 818; x_wconf 72' lang='lat' dir='ltr'><strong>Aeonumsms.</strong></span> 
     </span>
     <span class='ocr_line' id='line_1_6' title="bbox 239 856 833 922; baseline -0.005 -7"><span class='ocrx_word' id='word_1_13' title='bbox 239 856 422 915; x_wconf 73' lang='lat' dir='ltr'><strong>Dmrmms</strong></span> <span class='ocrx_word' id='word_1_14' title='bbox 436 856 615 922; x_wconf 80' lang='lat' dir='ltr'>Corinthius,</span> <span class='ocrx_word' id='word_1_15' title='bbox 630 865 660 914; x_wconf 89' lang='lat' dir='ltr'><strong>et</strong></span> <span class='ocrx_word' id='word_1_16' title='bbox 675 856 833 914; x_wconf 64' lang='lat' dir='ltr'><strong>Prome.</strong></span> 
     </span>
     <span class='ocr_line' id='line_1_7' title="bbox 241 954 459 1012; baseline -0.009 0"><span class='ocrx_word' id='word_1_17' title='bbox 241 954 459 1012; x_wconf 71' lang='lat' dir='ltr'><strong>Heorosrrroe.</strong></span> 
     </span>
    </p>

    <p class='ocr_par' dir='ltr' id='par_1_6' title="bbox 241 1052 621 1131">
     <span class='ocr_line' id='line_1_8' title="bbox 241 1052 621 1131; baseline -0.011 -20"><span class='ocrx_word' id='word_1_18' title='bbox 241 1053 392 1131; x_wconf 71' lang='lat' dir='ltr'><strong>Martyres</strong></span> <span class='ocrx_word' id='word_1_19' title='bbox 406 1052 621 1129; x_wconf 71' lang='lat' dir='ltr'><strong>Lugdunenses.</strong></span> 
     </span>
    </p>

    <p class='ocr_par' dir='ltr' id='par_1_7' title="bbox 239 1143 831 1303">
     <span class='ocr_line' id='line_1_9' title="bbox 239 1143 831 1220; baseline -0.008 -13"><span class='ocrx_word' id='word_1_20' title='bbox 239 1148 376 1207; x_wconf 80' lang='lat' dir='ltr'><strong>Ecclesioe</strong></span> <span class='ocrx_word' id='word_1_21' title='bbox 396 1147 562 1206; x_wconf 77' lang='lat' dir='ltr'><em>Viennensis</em></span> <span class='ocrx_word' id='word_1_22' title='bbox 577 1154 602 1206; x_wconf 81' lang='lat' dir='ltr'><strong>et</strong></span> <span class='ocrx_word' id='word_1_23' title='bbox 618 1143 831 1220; x_wconf 78' lang='lat' dir='ltr'><em>Lugdunensis.</em></span> 
     </span>
     <span class='ocr_line' id='line_1_10' title="bbox 241 1244 430 1303; baseline -0.011 -1"><span class='ocrx_word' id='word_1_24' title='bbox 241 1244 430 1303; x_wconf 69' lang='lat' dir='ltr'><strong>Pnuonnns.</strong></span> 
     </span>
    </p>

    <p class='ocr_par' dir='ltr' id='par_1_8' title="bbox 239 1341 365 1403">
     <span class='ocr_line' id='line_1_11' title="bbox 239 1341 365 1403; baseline 0.032 -4"><span class='ocrx_word' id='word_1_25' title='bbox 239 1341 365 1403; x_wconf 80' lang='lat' dir='ltr'><strong>Rnono.</strong></span> 
     </span>
    </p>

    <p class='ocr_par' dir='ltr' id='par_1_9' title="bbox 240 1437 602 1498">
     <span class='ocr_line' id='line_1_12' title="bbox 240 1437 602 1498; baseline -0.008 -2"><span class='ocrx_word' id='word_1_26' title='bbox 240 1438 402 1498; x_wconf 87' lang='lat' dir='ltr'><strong>Consilium</strong></span> <span class='ocrx_word' id='word_1_27' title='bbox 417 1437 602 1496; x_wconf 82' lang='lat' dir='ltr'><strong>Caeeoriense.</strong></span> 
     </span>
    </p>

    <p class='ocr_par' dir='ltr' id='par_1_10' title="bbox 240 1537 453 1595">
     <span class='ocr_line' id='line_1_13' title="bbox 240 1537 453 1595; baseline -0.014 -1"><span class='ocrx_word' id='word_1_28' title='bbox 240 1537 453 1595; x_wconf 67' lang='lat' dir='ltr'><strong>Posteriores.</strong></span> 
     </span>
    </p>

    <p class='ocr_par' dir='ltr' id='par_1_11' title="bbox 239 1631 622 1711">
     <span class='ocr_line' id='line_1_14' title="bbox 239 1631 622 1711; baseline -0.003 -20"><span class='ocrx_word' id='word_1_29' title='bbox 239 1633 402 1692; x_wconf 86' lang='lat' dir='ltr'><strong>Concilium</strong></span> <span class='ocrx_word' id='word_1_30' title='bbox 417 1631 622 1711; x_wconf 83' lang='lat' dir='ltr'><strong>Lugdunense.</strong></span> 
     </span>
    </p>

    <p class='ocr_par' dir='ltr' id='par_1_12' title="bbox 239 1731 406 1789">
     <span class='ocr_line' id='line_1_15' title="bbox 239 1731 406 1789; baseline -0.006 -1"><span class='ocrx_word' id='word_1_31' title='bbox 239 1731 406 1789; x_wconf 72' lang='lat' dir='ltr'><strong>Msxmus.</strong></span> 
     </span>
    </p>

    <p class='ocr_par' dir='ltr' id='par_1_13' title="bbox 240 1809 1239 1906">
     <span class='ocr_line' id='line_1_16' title="bbox 240 1809 1239 1906; baseline -0.007 -17"><span class='ocrx_word' id='word_1_32' title='bbox 240 1831 270 1888; x_wconf 91' lang='lat' dir='ltr'><strong>S.</strong></span> <span class='ocrx_word' id='word_1_33' title='bbox 287 1829 429 1888; x_wconf 68' lang='lat' dir='ltr'><strong>Summo</strong></span> <span class='ocrx_word' id='word_1_34' title='bbox 449 1825 662 1896; x_wconf 72' lang='lat' dir='ltr'><strong>Antiochense,</strong></span> <span class='ocrx_word' id='word_1_35' title='bbox 677 1834 708 1885; x_wconf 86' lang='lat' dir='ltr'><strong>et</strong></span> <span class='ocrx_word' id='word_1_36' title='bbox 731 1809 888 1906; x_wconf 73' lang='lat' dir='ltr'><strong>Presiyter</strong></span> <span class='ocrx_word' id='word_1_37' title='bbox 908 1824 987 1904; x_wconf 82' lang='lat' dir='ltr'><strong>opud</strong></span> <span class='ocrx_word' id='word_1_38' title='bbox 1011 1823 1045 1888; x_wconf 87' lang='lat' dir='ltr'><strong>S.</strong></span> <span class='ocrx_word' id='word_1_39' title='bbox 1059 1823 1239 1885; x_wconf 83' lang='lat' dir='ltr'><strong>Clementem</strong></span> 
     </span>
    </p>
   </div>
   <div class='ocr_carea' id='block_1_3' title="bbox 280 1924 370 1984">
    <p class='ocr_par' dir='ltr' id='par_1_14' title="bbox 280 1924 370 1984">
     <span class='ocr_line' id='line_1_17' title="bbox 280 1924 370 1984; baseline -0.011 0"><span class='ocrx_word' id='word_1_40' title='bbox 280 1924 370 1984; x_wconf 84' lang='lat' dir='ltr'><strong>Alex.</strong></span> 
     </span>
    </p>
   </div>
   <div class='ocr_carea' id='block_1_4' title="bbox 309 2158 1266 2245">
    <p class='ocr_par' dir='ltr' id='par_1_15' title="bbox 309 2158 1266 2245">
     <span class='ocr_line' id='line_1_18' title="bbox 309 2158 1266 2245; baseline -0.001 -20"><span class='ocrx_word' id='word_1_41' title='bbox 309 2162 413 2225; x_wconf 82' lang='lat' dir='ltr'><strong>Index</strong></span> <span class='ocrx_word' id='word_1_42' title='bbox 427 2159 616 2238; x_wconf 86' lang='lat' dir='ltr'><strong>Auotorum,</strong></span> <span class='ocrx_word' id='word_1_43' title='bbox 633 2159 687 2245; x_wconf 92' lang='lat' dir='ltr'><strong>qui</strong></span> <span class='ocrx_word' id='word_1_44' title='bbox 700 2159 735 2223; x_wconf 85' lang='lat' dir='ltr'><strong>in</strong></span> <span class='ocrx_word' id='word_1_45' title='bbox 748 2165 838 2224; x_wconf 84' lang='lat' dir='ltr'><strong>tomo</strong></span> <span class='ocrx_word' id='word_1_46' title='bbox 855 2159 1002 2224; x_wconf 85' lang='lat' dir='ltr'><strong>Seoundo</strong></span> <span class='ocrx_word' id='word_1_47' title='bbox 1017 2158 1163 2224; x_wconf 81' lang='lat' dir='ltr'><strong>oolloonti</strong></span> <span class='ocrx_word' id='word_1_48' title='bbox 1178 2165 1266 2224; x_wconf 82' lang='lat' dir='ltr'><strong>sunt.</strong></span> 
     </span>
    </p>
   </div>
   <div class='ocr_carea' id='block_1_5' title="bbox 201 2337 1342 3286">
    <p class='ocr_par' dir='ltr' id='par_1_16' title="bbox 201 2337 1342 3286">
     <span class='ocr_line' id='line_1_19' title="bbox 239 2337 1340 2420; baseline -0.006 -19"><span class='ocrx_word' id='word_1_49' title='bbox 239 2343 337 2401; x_wconf 68' lang='lat' dir='ltr'><strong>Coros</strong></span> <span class='ocrx_word' id='word_1_50' title='bbox 352 2341 518 2420; x_wconf 82' lang='lat' dir='ltr'><strong>Presbyter.</strong></span> <span class='ocrx_word' id='word_1_51' title='bbox 1232 2337 1305 2415; x_wconf 83' lang='lat' dir='ltr'><strong>Pug.</strong></span> <span class='ocrx_word' id='word_1_52' title='bbox 1324 2354 1340 2394; x_wconf 82' lang='lat' dir='ltr'><em>u</em></span> 
     </span>
     <span class='ocr_line' id='line_1_20' title="bbox 239 2434 1342 2511; baseline -0.016 -13"><span class='ocrx_word' id='word_1_53' title='bbox 239 2438 447 2498; x_wconf 70' lang='lat' dir='ltr'><strong>Anemosa</strong></span> <span class='ocrx_word' id='word_1_54' title='bbox 462 2434 612 2495; x_wconf 89' lang='lat' dir='ltr'><strong>Hierosol.</strong></span> <span class='ocrx_word' id='word_1_55' title='bbox 1302 2452 1342 2511; x_wconf 84' lang='lat'><strong>34</strong></span> 
     </span>
     <span class='ocr_line' id='line_1_21' title="bbox 238 2533 1340 2608; baseline -0.005 -15"><span class='ocrx_word' id='word_1_56' title='bbox 238 2533 461 2596; x_wconf 74' lang='lat' dir='ltr'><strong>Aeonnouws.</strong></span> <span class='ocrx_word' id='word_1_57' title='bbox 1302 2545 1340 2608; x_wconf 82' lang='lat'><strong>53</strong></span> 
     </span>
     <span class='ocr_line' id='line_1_22' title="bbox 239 2629 1340 2709; baseline -0.005 -19"><span class='ocrx_word' id='word_1_58' title='bbox 239 2632 347 2692; x_wconf 83' lang='lat' dir='ltr'><strong>Auctor</strong></span> <span class='ocrx_word' id='word_1_59' title='bbox 360 2632 497 2690; x_wconf 83' lang='lat' dir='ltr'><strong>adversus</strong></span> <span class='ocrx_word' id='word_1_60' title='bbox 511 2629 717 2709; x_wconf 74' lang='lat' dir='ltr'><strong>Catuphrygus</strong></span> <span class='ocrx_word' id='word_1_61' title='bbox 1303 2644 1320 2703; x_wconf 88' lang='lat'><em>7</em></span> <span class='ocrx_word' id='word_1_62' title='bbox 1322 2646 1340 2702; x_wconf 84' lang='grc'>3</span> 
     </span>
     <span class='ocr_line' id='line_1_23' title="bbox 238 2726 1341 2805; baseline -0.005 -18"><span class='ocrx_word' id='word_1_63' title='bbox 238 2730 259 2787; x_wconf 91' lang='lat' dir='ltr'>J</span> <span class='ocrx_word' id='word_1_64' title='bbox 261 2747 359 2787; x_wconf 79' lang='lat' dir='ltr'><strong>umus</strong></span> <span class='ocrx_word' id='word_1_65' title='bbox 372 2727 573 2796; x_wconf 72' lang='lat' dir='ltr'><strong>Aemonuus,</strong></span> <span class='ocrx_word' id='word_1_66' title='bbox 589 2726 802 2805; x_wconf 76' lang='lat' dir='ltr'><strong>chronologus.</strong></span> <span class='ocrx_word' id='word_1_67' title='bbox 1285 2740 1341 2800; x_wconf 85' lang='lat'><strong>107</strong></span> 
     </span>
     <span class='ocr_line' id='line_1_24' title="bbox 238 2823 1339 2898; baseline -0.002 -16"><span class='ocrx_word' id='word_1_68' title='bbox 238 2823 438 2883; x_wconf 70' lang='lat' dir='ltr'><strong>Annaosws.</strong></span> <span class='ocrx_word' id='word_1_69' title='bbox 1281 2823 1339 2898; x_wconf 84' lang='lat'><strong>365</strong></span> 
     </span>
     <span class='ocr_line' id='line_1_25' title="bbox 240 2919 1339 2995; baseline -0.005 -16"><span class='ocrx_word' id='word_1_70' title='bbox 240 2921 403 2979; x_wconf 89' lang='lat' dir='ltr'><strong>Concilium</strong></span> <span class='ocrx_word' id='word_1_71' title='bbox 419 2929 520 2978; x_wconf 83' lang='lat' dir='ltr'><strong>contra</strong></span> <span class='ocrx_word' id='word_1_72' title='bbox 533 2919 675 2977; x_wconf 90' lang='lat' dir='ltr'><strong>Noetum.</strong></span> <span class='ocrx_word' id='word_1_73' title='bbox 1280 2934 1339 2995; x_wconf 78' lang='lat'><strong>373</strong></span> 
     </span>
     <span class='ocr_line' id='line_1_26' title="bbox 241 3014 1339 3094; baseline -0.003 -17"><span class='ocrx_word' id='word_1_74' title='bbox 241 3018 272 3077; x_wconf 88' lang='lat' dir='ltr'><strong>S.</strong></span> <span class='ocrx_word' id='word_1_75' title='bbox 287 3018 439 3076; x_wconf 71' lang='lat' dir='ltr'><strong>Drouusn</strong></span> <span class='ocrx_word' id='word_1_76' title='bbox 455 3015 542 3074; x_wconf 88' lang='lat' dir='ltr'><strong>Alex.</strong></span> <span class='ocrx_word' id='word_1_77' title='bbox 557 3014 693 3094; x_wconf 83' lang='lat' dir='ltr'><strong>Epistola</strong></span> <span class='ocrx_word' id='word_1_78' title='bbox 707 3015 855 3074; x_wconf 70' lang='lat' dir='ltr'><strong>canonica</strong></span> <span class='ocrx_word' id='word_1_79' title='bbox 869 3015 906 3074; x_wconf 85' lang='lat' dir='ltr'><strong>ad</strong></span> <span class='ocrx_word' id='word_1_80' title='bbox 920 3014 1079 3074; x_wconf 85' lang='lat' dir='ltr'><strong>Busilidem</strong></span> <span class='ocrx_word' id='word_1_81' title='bbox 1094 3016 1149 3074; x_wconf 74' lang='lat' dir='ltr'><strong>&amp;o</strong></span> <span class='ocrx_word' id='word_1_82' title='bbox 1164 3015 1217 3074; x_wconf 80' lang='lat' dir='ltr'><strong>&amp;o</strong></span> <span class='ocrx_word' id='word_1_83' title='bbox 1281 3017 1339 3092; x_wconf 90' lang='grc'><strong>383</strong></span> 
     </span>
     <span class='ocr_line' id='line_1_27' title="bbox 240 3110 1340 3190; baseline -0.005 -17"><span class='ocrx_word' id='word_1_84' title='bbox 240 3115 271 3173; x_wconf 93' lang='lat' dir='ltr'><strong>S.</strong></span> <span class='ocrx_word' id='word_1_85' title='bbox 288 3116 445 3172; x_wconf 76' lang='lat' dir='ltr'><strong>Grnoonu</strong></span> <span class='ocrx_word' id='word_1_86' title='bbox 459 3112 492 3169; x_wconf 95' lang='lat' dir='ltr'>N</span> <span class='ocrx_word' id='word_1_87' title='bbox 493 3133 593 3171; x_wconf 86' lang='lat' dir='ltr'><strong>eooaes.</strong></span> <span class='ocrx_word' id='word_1_88' title='bbox 609 3110 744 3190; x_wconf 81' lang='lat' dir='ltr'><strong>Epistola</strong></span> <span class='ocrx_word' id='word_1_89' title='bbox 758 3111 913 3170; x_wconf 81' lang='lat' dir='ltr'><strong>Canoniou.</strong></span> <span class='ocrx_word' id='word_1_90' title='bbox 1280 3130 1320 3187; x_wconf 81' lang='lat'><strong>43</strong></span> <span class='ocrx_word' id='word_1_91' title='bbox 1323 3131 1340 3189; x_wconf 83' lang='lat'><strong>5</strong></span> 
     </span>
     <span class='ocr_line' id='line_1_28' title="bbox 201 3207 1339 3286; baseline -0.004 -15"><span class='ocrx_word' id='word_1_92' title='bbox 201 3207 203 3212; x_wconf 67' lang='grc'><strong>’</strong></span> <span class='ocrx_word' id='word_1_93' title='bbox 240 3211 401 3271; x_wconf 87' lang='lat' dir='ltr'><strong>Consilium</strong></span> <span class='ocrx_word' id='word_1_94' title='bbox 417 3209 634 3269; x_wconf 89' lang='lat' dir='ltr'><strong>Antiochenum</strong></span> <span class='ocrx_word' id='word_1_95' title='bbox 648 3209 785 3268; x_wconf 84' lang='lat' dir='ltr'><strong>adversus</strong></span> <span class='ocrx_word' id='word_1_96' title='bbox 800 3209 926 3268; x_wconf 84' lang='lat' dir='ltr'><strong>Paulum</strong></span> <span class='ocrx_word' id='word_1_97' title='bbox 942 3209 1172 3269; x_wconf 81' lang='lat' dir='ltr'><strong>Samosutenum.</strong></span> <span class='ocrx_word' id='word_1_98' title='bbox 1279 3213 1339 3286; x_wconf 82' lang='lat'><strong>463</strong></span> 
     </span>
    </p>
   </div>
   <div class='ocr_carea' id='block_1_6' title="bbox 274 3448 1315 3540">
    <p class='ocr_par' dir='ltr' id='par_1_17' title="bbox 274 3448 1315 3540">
     <span class='ocr_line' id='line_1_29' title="bbox 274 3448 1315 3540; baseline -0.001 -20"><span class='ocrx_word' id='word_1_99' title='bbox 274 3457 379 3520; x_wconf 84' lang='lat' dir='ltr'><strong>Index</strong></span> <span class='ocrx_word' id='word_1_100' title='bbox 392 3448 582 3534; x_wconf 64' lang='lat' dir='ltr'><strong>Motorum,</strong></span> <span class='ocrx_word' id='word_1_101' title='bbox 600 3453 654 3540; x_wconf 94' lang='lat' dir='ltr'><strong>qui</strong></span> <span class='ocrx_word' id='word_1_102' title='bbox 669 3451 702 3517; x_wconf 93' lang='lat' dir='ltr'><strong>in</strong></span> <span class='ocrx_word' id='word_1_103' title='bbox 716 3458 805 3517; x_wconf 85' lang='lat' dir='ltr'><strong>tomo</strong></span> <span class='ocrx_word' id='word_1_104' title='bbox 820 3453 931 3520; x_wconf 83' lang='lat' dir='ltr'><strong>Tertio</strong></span> <span class='ocrx_word' id='word_1_105' title='bbox 946 3454 1092 3520; x_wconf 84' lang='lat' dir='ltr'><strong>oolloonti</strong></span> <span class='ocrx_word' id='word_1_106' title='bbox 1107 3461 1191 3520; x_wconf 82' lang='lat' dir='ltr'><strong>sunt.</strong></span> <span class='ocrx_word' id='word_1_107' title='bbox 1218 3455 1315 3540; x_wconf 89' lang='lat'><strong>1815.</strong></span> 
     </span>
    </p>
   </div>
   <div class='ocr_carea' id='block_1_7' title="bbox 240 3642 644 4300">
    <p class='ocr_par' dir='ltr' id='par_1_18' title="bbox 240 3642 483 3700">
     <span class='ocr_line' id='line_1_30' title="bbox 240 3642 483 3700; baseline -0.008 0"><span class='ocrx_word' id='word_1_108' title='bbox 240 3642 272 3700; x_wconf 91' lang='lat' dir='ltr'><strong>S.</strong></span> <span class='ocrx_word' id='word_1_109' title='bbox 289 3642 483 3700; x_wconf 65' lang='lat' dir='ltr'><strong>Constemus.</strong></span> 
     </span>
    </p>

    <p class='ocr_par' dir='ltr' id='par_1_19' title="bbox 240 3737 644 4087">
     <span class='ocr_line' id='line_1_31' title="bbox 240 3737 644 3815; baseline -0.002 -18"><span class='ocrx_word' id='word_1_110' title='bbox 240 3738 370 3797; x_wconf 83' lang='lat' dir='ltr'><strong>Consilia</strong></span> <span class='ocrx_word' id='word_1_111' title='bbox 385 3737 644 3815; x_wconf 74' lang='lat' dir='ltr'><strong>Carthaginiensis.</strong></span> 
     </span>
     <span class='ocr_line' id='line_1_32' title="bbox 240 3835 592 3895; baseline -0.014 0"><span class='ocrx_word' id='word_1_112' title='bbox 240 3839 417 3895; x_wconf 71' lang='lat' dir='ltr'><strong>Dronrsms</strong></span> <span class='ocrx_word' id='word_1_113' title='bbox 432 3835 592 3893; x_wconf 83' lang='lat' dir='ltr'><strong>Romanus.</strong></span> 
     </span>
     <span class='ocr_line' id='line_1_33' title="bbox 242 3933 393 3991; baseline -0.007 -1"><span class='ocrx_word' id='word_1_114' title='bbox 242 3933 393 3991; x_wconf 78' lang='lat' dir='ltr'><strong>Pmmos.</strong></span> 
     </span>
     <span class='ocr_line' id='line_1_34' title="bbox 242 4030 485 4087; baseline -0.016 0"><span class='ocrx_word' id='word_1_115' title='bbox 242 4030 485 4087; x_wconf 69' lang='lat' dir='ltr'><strong>Tnnoouos&#39;ros.</strong></span> 
     </span>
    </p>

    <p class='ocr_par' dir='ltr' id='par_1_20' title="bbox 243 4114 500 4184">
     <span class='ocr_line' id='line_1_35' title="bbox 243 4114 500 4184; baseline -0.004 -1"><span class='ocrx_word' id='word_1_116' title='bbox 243 4125 275 4184; x_wconf 99' lang='lat' dir='ltr'><strong>S.</strong></span> <span class='ocrx_word' id='word_1_117' title='bbox 289 4114 500 4183; x_wconf 51' lang='lat' dir='ltr'><strong>&#39;Vroronurus</strong></span> 
     </span>
    </p>

    <p class='ocr_par' dir='ltr' id='par_1_21' title="bbox 244 4220 625 4300">
     <span class='ocr_line' id='line_1_36' title="bbox 244 4220 625 4300; baseline -0.005 -20"><span class='ocrx_word' id='word_1_118' title='bbox 244 4221 276 4280; x_wconf 89' lang='lat' dir='ltr'><strong>S.</strong></span> <span class='ocrx_word' id='word_1_119' title='bbox 291 4220 485 4280; x_wconf 73' lang='lat' dir='ltr'><strong>Pnnrnrnus</strong></span> <span class='ocrx_word' id='word_1_120' title='bbox 499 4220 625 4300; x_wconf 85' lang='lat' dir='ltr'><strong>Martyr.</strong></span> 
     </span>
    </p>
   </div>
   <div class='ocr_carea' id='block_1_8' title="bbox 0 0 1404 4958">
    <p class='ocr_par' dir='ltr' id='par_1_22' title="bbox 0 0 1404 4958">
     <span class='ocr_line' id='line_1_37' title="bbox 0 0 1404 4958; baseline 0 0"><span class='ocrx_word' id='word_1_121' title='bbox 0 0 1404 4958; x_wconf 95' lang='lat' dir='ltr'><strong> </strong></span> 
     </span>
    </p>
   </div>
  </div>
 </body>
</html>
