2790 4958
259 278 302 343 m
614 280 988 367 caesareanas„

1289 440 1347 504 Peg.

257 532 410 591 Aasuurr
439 532 628 592 Lexoviensis
655 534 794 613 Episcopi
822 533 925 593 Sermo
956 535 986 594 iu
1014 534 1273 597 Annuntistione·

299 632 334 689 Β.
350 630 462 688 Marioe.
1290 652 1346 712 507

261 727 396 806 Ejusdem
410 727 551 807 Epistola
566 729 657 787 XIII.
829 775 833 779 .
851 752 859 769 .
1015 748 1017 753 ’
1290 751 1348 810 509

258 823 395 902 Ejusdem
409 825 603 902 fragmentum
618 824 775 884 Sermonis.
1287 831 1347 906 518

258 920 455 979 Grueeenus
470 921 634 1001 Episcopus
647 922 859 982 Avenioneusie
878 923 958 983 litem
977 925 1053 984 inter
1068 925 1246 1006 Episcopum
1327 934 1329 939 ’

299 1018 555 1087 Cabellionensem,
571 1039 603 1078 ac
618 1019 777 1078 Monachus
792 1020 822 1079 S.
833 1020 959 1081 Andreae
974 1021 1095 1083 dirimit.
1278 1025 1347 1085 ibid.

258 1115 405 1174 Genuam
421 1117 560 1197 Episcopi
574 1116 758 1176 caturcensis
775 1117 909 1197 Epistola
929 1119 965 1178 ad
980 1118 1166 1179 Fredericum
1188 1120 1247 1179 Im-

297 1225 468 1293 peratorem.
1288 1236 1347 1297 519

300 1422 460 1487 Gusnrnar
475 1423 514 1486 do
531 1420 729 1486 Mauritania
743 1419 894 1507 Episcopi
910 1419 1127 1486 Laudunensis
1142 1420 1303 1506 Epistolae.

257 1593 282 1650 Ι.
298 1593 334 1651 ad
349 1592 538 1652 Guillelmum
553 1590 741 1649 Monachum.
1287 1607 1347 1667 520

257 1691 299 1748 11.
314 1690 350 1749 ad
365 1690 523 1749 Universos
537 1688 646 1748 fideles.
1277 1687 1347 1747 ibid

257 1789 318 1848 III.
333 1789 369 1847 ad
384 1789 560 1866 Magistrum
575 1787 795 1846 Theodericum.
1287 1801 1346 1862 522

257 1885 315 1944 IV.
330 1884 367 1943 ad
379 1886 553 1963 Magistrum
566 1885 746 1944 Albericum.
1287 1902 1345 1960 523

258 1983 296 2042 V.
311 1983 348 2042 ad
362 1983 483 2041 Petrum
497 1981 703 2040 abaelardum.
1288 1997 1346 2059 525

258 2081 386 2139 Donatio
400 2091 518 2159 propter
536 2079 653 2158 nuptias
672 2099 688 2136 a
703 2077 899 2136 Gurnnrenmo
912 2077 1169 2157 Montispessulani
1184 2079 1245 2137 Do-

296 2177 375 2235 mino
389 2178 465 2235 facta
479 2176 619 2235 Mathildi
632 2176 720 2234 sorori
736 2175 827 2234 Ducis
841 2173 1028 2252 Burgundiae.
1287 2179 1347 2253 526

257 2275 404 2332 Hunorus
418 2272 542 2332 Abbatis
556 2273 754 2333 cluniacensis
768 2270 902 2352 Epistola
922 2272 959 2330 ad
978 2270 1164 2331 Fredericum
1186 2274 1246 2332 Im.

296 2382 469 2450 peratorem.
1274 2371 1346 2433 ibid.

257 2469 476 2528 Testamentum
492 2469 679 2527 Gurunenrrs
694 2486 735 2525 ne
748 2469 900 2526 Tenaces.
1276 2468 1346 2528 ibid.

256 2566 439 2625 Lunovrcus
454 2565 511 2624 VI.
526 2565 703 2624 Francorum
718 2565 784 2624 Rex
805 2564 952 2623 libertates
972 2565 1085 2623 confert
1100 2565 1246 2646 Episcopo

296 2670 326 2718 et
341 2660 478 2719 Ecclesiae
491 2660 689 2719 Laudunensi.
1287 2681 1346 2741 527

257 2755 408 2815 Parmam
424 2756 548 2816 Abbatis
568 2758 604 2816 de
620 2756 813 2837 Eleemosyna
833 2757 967 2837 Epistola
987 2758 1024 2817 ad
1044 2758 1245 2819 Alexandrum

299 2855 405 2934 Papam
422 2854 482 2912 III.
1277 2859 1346 2918 ibid.

256 2952 439 3010 Lacaenam
454 2951 578 3010 Abbatis
591 2951 909 3011 westmonasteriensis
924 2951 1058 3032 Epistola
1072 2952 1108 3011 ad
1122 2953 1245 3012 Alieno.

296 3070 357 3108 rem
371 3049 487 3128 anglie
502 3049 655 3128 Reginam.
1287 3055 1346 3130 528

256 3149 427 3209 Attenuare
457 3147 618 3225 Anglorum
647 3132 766 3225 Regina
800 3148 934 3227 Epistola
968 3148 1003 3207 ad
1031 3149 1231 3211 Alexandrum

337 3245 447 3324 Papam
461 3246 522 3303 III.
1274 3250 1345 3310 ibid.

257 3343 395 3422 Ejusdem
409 3342 543 3422 Epistola
556 3343 592 3403 ad
608 3344 807 3423 Hyacinthum
822 3345 1015 3404 Gardinalem.
1275 3347 1344 3407 ibid.

257 3439 378 3498 Onorus
391 3440 530 3499 Canonici
544 3441 697 3520 Regularis
712 3440 853 3521 Epistola
868 3442 941 3501 VII.
963 3444 1000 3502 nd
1013 3443 1149 3504 diversos.
1287 3463 1345 3521 529

257 3536 409 3616 Quidquid
430 3538 465 3597 de
487 3538 635 3617 Capiceria
656 3538 821 3606 Parisiensi,
843 3539 911 3598 sede
931 3541 1099 3622 Episcopali
1119 3551 1239 3601 vacante

296 3636 481 3714 percipiebat,
515 3636 693 3695 Monialibus
726 3636 942 3696 Hederensibus
977 3638 1067 3698 donat
1097 3639 1238 3697 Lunovr·

296 3751 353 3791 cus
369 3732 441 3791 VII.
457 3733 632 3791 Francorum
648 3733 722 3792 Rex.
856 3810 858 3814 .
1288 3737 1345 3813 536

257 3830 441 3889 Fauonarcr
470 3831 655 3910 Imperatoris
683 3831 818 3911 Epistola
848 3832 884 3891 ad
912 3833 1056 3893 Comitem
1085 3833 1237 3892 Suession-

296 3945 403 3985 ensem.
1272 3932 1343 3991 ibid.

254 4023 398 4081 Josrusee
412 4024 561 4082 Maarrru
583 4045 614 4084 ee
634 4043 667 4084 ac
686 4025 792 4085 liberos
809 4026 899 4086 tradit
914 4027 1039 4086 Girardo
1053 4027 1162 4087 comiti
1176 4028 1240 4086 Ru·

295 4119 464 4179 sciuonensi.
1275 4127 1344 4188 ibid.

256 4215 438 4276 Ennnenrcr
460 4218 647 4298 Imperatoris
671 4219 806 4300 Epistola
828 4220 865 4280 ad
889 4221 1043 4281 Nicolaum
1065 4223 1244 4303 Episcopum

296 4313 537 4374 Cameracensem.
1285 4337 1344 4398 537
