2790 4958
221 306 263 367 40
562 301 709 367 Dauom·
742 302 948 389 Spabilogium

296 499 405 570 prope
441 476 593 547 Pontem
634 477 671 546 S.
705 477 904 549 Michaelis.
940 495 1171 548 moccxxrn.
1223 477 1318 549 Cum

299 592 481 687 privilegio
500 593 619 688 Regis.

511 783 668 847 Elenchus
684 784 823 868 Operum
837 783 870 846 in
885 783 986 846 Tomo
1002 782 1029 846 l.

226 938 356 995 Zacnmr
372 937 529 995 Christiani
551 948 581 996 et
596 938 775 996 Aeonnonu
791 937 961 1017 Philosophi
976 935 1230 995 consultationum

266 1034 333 1093 libri
346 1046 415 1093 tres.
1211 1033 1282 1111 Pag.
1303 1053 1315 1091 1

226 1133 328 1191 Sermo
342 1132 373 1190 in
387 1131 489 1190 Natali
504 1132 635 1190 Domini.
1276 1151 1316 1206 41

226 1229 380 1288 Tractatus
396 1229 570 1296 Hnnoms,
585 1228 621 1287 de
639 1229 768 1308 Corpore
790 1242 820 1290 et
838 1231 986 1308 Sanguine
1003 1229 1144 1289 Domini:
1166 1239 1218 1288 aut

267 1325 365 1404 potius
394 1326 602 1402 Fragmentum
631 1328 837 1385 Commentarii
870 1328 901 1384 in
929 1326 1092 1407 Epistolam
1120 1327 1145 1386 Ι.
1180 1326 1218 1386 ad

268 1423 444 1481 Corinthios.
1278 1442 1318 1497 42

228 1519 394 1577 Pascunsn
416 1519 585 1578 Romanum
612 1519 735 1578 Abbatis
758 1520 950 1589 CorbeiensiS,
976 1519 1158 1600 Opusculum
1182 1518 1218 1577 de

268 1617 360 1674 Partu
375 1616 515 1694 Virginis.
1278 1633 1320 1690 44

227 1715 404 1773 Romanum
418 1715 555 1773 Monachi
571 1714 761 1782 Corbeieusis,
776 1717 866 1775 Liber
880 1716 917 1775 de
937 1736 973 1775 eo
991 1714 1070 1794 quod
1084 1715 1218 1773 Christus

268 1830 305 1869 ex
320 1810 443 1888 Virgine
458 1821 610 1871 natusest.

230 1908 366 1988 Ejusdem
389 1908 472 1967 Libri
496 1908 552 1968 1v.
575 1921 675 1968 contra
696 1909 829 1989 opposita
852 1911 1030 1982 Graeoorum,
1057 1907 1216 1968 Ecclesiam

269 2005 429 2064 Romanam
444 2006 655 2065 infamantium.

228 2104 342 2161 AEuum
357 2103 527 2162 Parisiensis
541 2104 690 2183 Episcopi,
704 2105 793 2163 Liber
807 2104 944 2163 adversus
959 2105 1083 2164 Graecos.

228 2199 339 2258 Incerti
352 2201 524 2278 opusculum
538 2201 575 2260 de
588 2201 717 2280 Corpore
730 2213 761 2260 et
775 2201 923 2279 Sanguine
938 2202 1067 2260 Domini.

229 2296 425 2355 Annuvnnm
452 2298 624 2377 opusculum
649 2297 685 2356 de
708 2299 836 2378 Corpore
861 2310 891 2356 et
916 2298 1063 2377 Sanguine
1087 2294 1218 2366 Domini,

268 2404 368 2452 contra
382 2395 524 2452 Joannem
541 2394 670 2454 Scotum.
1264 2408 1321 2469 150

229 2490 384 2549 Ausonum
405 2490 608 2551 Archidiaconi
631 2492 785 2571 sagiensis,
810 2505 911 2573 postea
935 2493 1124 2552 Lexoviensis
1145 2491 1218 2572 Epi-

270 2591 359 2670 scopi,
374 2591 529 2650 Tractatus
548 2591 579 2648 in
594 2590 749 2648 Girardum
765 2589 943 2670 Episcopum
958 2589 1217 2667 Engolismensem.
1264 2604 1319 2665 152

102 2748 108 2761 ‚
230 2687 384 2745 Ausanmr
406 2687 649 2764 Havelbergensis
671 2687 811 2765 Episcopi
828 2686 911 2744 Libri
932 2697 1011 2744 tres:
1037 2685 1062 2743 1.
1077 2685 1113 2745 de
1133 2685 1220 2744 variis

271 2784 443 2844 Christianae
472 2784 633 2862 Religionis
659 2784 781 2842 formis:
819 2783 867 2842 alii
896 2784 955 2843 duo
979 2783 1220 2863 Disputatiouum

270 2882 406 2941 adversus
421 2882 546 2940 Graecos.
1264 2883 1318 2940 161

230 2982 413 3040 ΒοΝΑουηεῙ
425 2979 497 3039 Vita
513 2978 735 3048 Haereticorum,
750 2979 805 3037 hoc
818 2989 862 3039 est
876 2979 1043 3056 Descriptio
1057 2978 1219 3038 Haresium

270 3098 342 3154 quas
356 3076 473 3134 Cathari
488 3075 707 3154 profitebantur,
722 3087 864 3135 eteorum
880 3076 1062 3136 Confutatio.
1264 3079 1321 3136 208

231 3175 440 3252 Fragmentum
456 3173 603 3232 Sermonis
619 3172 650 3230 S.
661 3173 819 3232 Flusnrm
833 3173 981 3253 Episcopi.
1263 3189 1319 3250 ²15

231 3273 265 3333 S.
278 3274 385 3331 Puunr
400 3272 606 3330 Cunusonoffl
622 3271 775 3330 Sermones
789 3271 828 3330 V.
850 3272 881 3329 in
902 3270 1070 3352 Orationem
1086 3269 1219 3328 Domini·

271 3390 343 3437 cam,
358 3369 395 3428 ad
408 3368 648 3427 Catechumenos.
1249 3367 1321 3426 ibid.

231 3465 264 3526 N
266 3485 366 3525 remon
382 3465 521 3545 Episcopi
536 3465 690 3524 Tractatus
705 3465 741 3524 de
756 3464 870 3542 Vigiliis
886 3464 1042 3524 Servorum
1057 3464 1125 3524 Dei.
1263 3483 1317 3523 aar

232 3563 368 3645 Ejusdem
383 3562 537 3620 Tractatus
551 3560 587 3619 de
602 3560 773 3620 Psalmodiae
787 3562 873 3619 bono.
1264 3579 1320 3637 223

231 3661 263 3718 S.
279 3659 404 3718 Ismom
430 3657 614 3736 Hispalensis
639 3657 778 3737 Episcopi
803 3656 839 3714 ad
864 3657 1016 3716 Braulium
1042 3657 1219 3736 Episcopum

270 3758 359 3816 Liber
373 3755 409 3814 de
424 3754 536 3814 Ordine
550 3755 764 3813 Creaturarum.
1264 3772 1300 3813 22
1304 3770 1320 3831 5

232 3857 399 3914 Susannam
414 3852 548 3925 Abbatis,
563 3853 684 3913 Ordinis
698 3853 731 3912 S.
743 3853 908 3922 Benedicti,
924 3853 982 3912 Via
997 3853 1099 3932 Regia.
1264 3854 1322 3930 238

231 3954 425 4012 Tnuonunm
453 3951 591 4030 Episcopi
619 3948 838 4009 Aurelianensis
865 3952 1026 4031 fragmenta
1048 3951 1221 4011 Sermonum

272 4049 391 4127 aliquot.
1265 4064 1323 4125 254

232 4148 324 4206 loun:
353 4145 492 4225 Episcopi
521 4143 738 4204 Aurelianensis
765 4144 847 4203 Libri
878 4155 937 4204 tres
969 4145 1006 4204 de
1033 4144 1222 4205 Institutione

274 4242 377 4301 laicali.
1180 4257 1182 4262 '
1265 4244 1323 4320 258

234 4341 372 4419 Ejusdem
387 4338 570 4417 Opusculum
585 4337 620 4396 dc
635 4338 823 4398 Institutione
838 4339 938 4418 Regia.
1262 4357 1323 4415 324
