2790 4958
263 300 437 368 omont
458 302 596 367 two»
609 303 746 367 Pomm
762 300 924 386 opetona.
1099 303 1162 371 229

57 469 293 548 Soliloquiorum,
303 492 370 549 quae
379 476 561 530 Auccsrnso
571 472 683 531 tribute
696 483 775 542 sunt,
787 484 876 552 caput
889 476 1078 552 postremum.
1101 489 1156 547 ¹97

56 571 189 628 Pnunnu
213 569 472 628 Mnnronausssrs
496 569 613 628 libellus
633 568 670 627 de
690 568 943 628 benedictionibus
962 568 1057 627 Patri·
1168 626 1173 634 ,

97 667 258 724 archarum.
1096 669 1156 726 206

57 766 159 823 Sermo
173 764 205 822 S.
217 765 335 822 Lucius
350 765 438 844 Papae
451 765 488 824 de
502 763 741 840 Qnsdmgesima.
1095 785 1111 823 2
1114 784 1151 840 33

56 862 103 919 De
119 861 344 920 Resurrectione
357 861 478 919 Domini
492 880 586 918 sermo
600 859 674 919 alter
687 860 775 919 eidos
792 863 890 919 Lnonr
904 863 1043 921 tributus.
1094 880 1153 940 239

57 959 158 1016 Sermo
170 957 275 1016 tertius
288 958 318 1014 in
328 957 501 1016 Festivitnte
515 957 614 1014 Sancti
626 955 711 1014 Pauli
727 957 815 1016 odem
827 958 917 1017 Leoni
930 960 1069 1018 tributus.
1094 977 1149 1036 245

56 1055 158 1111 Sermo
172 1053 208 1112 de
222 1052 348 1112 Abrahae
361 1053 433 1112 filio.
1094 1075 1151 1133 252

98 1248 150 1313 De
175 1254 314 1334 quatuor
337 1249 423 1333 apud
448 1249 531 1313 hanc
554 1248 779 1314 (lollectionem
804 1250 962 1335 opusculis
987 1249 1022 1313 S.
1038 1249 1153 1314 Hiero-

54 1372 151 1435 nymo
180 1349 309 1414 tributis
339 1350 377 1414 21.
403 1350 575 1415 Trombelli
606 1351 676 1415 haec
704 1351 802 1417 dicit:
843 1360 863 1389 “
882 1353 1051 1438 Opusculo,
1082 1375 1153 1436 quae

54 1451 247 1536 subjicimus,
263 1452 393 1516 tametsi
407 1452 441 1515 in
455 1452 624 1531 codicibus,
641 1475 681 1516 ex
696 1454 809 1537 quibus
831 1477 870 1519 22
885 1456 1052 1539 desumpta
1066 1459 1151 1530 sunt,

56 1555 288 1639 Hieronymum
310 1555 344 1618 in
364 1555 469 1619 fronte
490 1556 670 1641 praeferant,
686 1555 883 1640 Hieronymo
904 1564 1013 1621 tamen
1026 1557 1154 1620 Ductori

54 1659 187 1722 monimo
212 1658 391 1722 adscribere
415 1658 544 1722 minime
569 1658 743 1722 nudemus:
773 1660 830 1722 sed
851 1659 900 1722 vel
920 1658 1014 1723 alteri
1038 1659 1152 1722 Hiero-

55 1781 159 1843 nymo,
176 1761 230 1845 qui
244 1760 336 1845 longe
353 1783 375 1824 2
388 1759 616 1824 Stridcnieusis
634 1760 829 1836 excellentis,
846 1768 943 1844 atque
958 1759 1152 1825 auctoritate

54 1862 149 1939 absit,
180 1862 228 1926 vel
263 1884 422 1946 anonymo
457 1883 587 1947 prorsus
619 1862 730 1946 ignoto
763 1863 944 1936 tribuenda,
974 1861 1153 1946 putemus.”

56 1967 104 2048 (p.
123 1963 208 2045 186.)
254 1964 321 2028 Nec
349 1963 563 2048 fragmentum
593 1965 678 2047 quod
703 1963 736 2027 S.
751 1963 924 2049 Augustini
949 1985 1065 2027 nomen
1085 1984 1152 2047 pree

45 2088 89 2148 *se
113 2067 185 2144 fert,
206 2067 378 2152 genuinum
402 2065 552 2151 Episcopi
576 2065 793 2150 Hipponensis
814 2065 929 2129 foetum
950 2088 1019 2130 esse
1041 2065 1151 2129 credIt.

56 2169 245 2232 “Novimus
267 2168 413 2253 quidem”
429 2169 586 2253 (ejusdem
600 2169 697 2231 verba
720 2167 879 2250 describo)
903 2168 1048 2232 “librum
1071 2189 1152 2244 eum,

55 2271 111 2356 qui
136 2272 304 2356 Augustini
332 2271 501 2357 Soliloqan'o
529 2270 720 2347 inscribitur,
750 2272 792 2333 ab
821 2271 1004 2356 Augustino
1030 2271 1154 2356 Hippo-

54 2373 145 2438 nensi
160 2373 328 2459 Episcopo,
343 2395 382 2437 ac
403 2372 644 2458 praeclarissimo
666 2371 816 2436 Ecclesiae
838 2372 979 2436 Doctore
1001 2395 1065 2436 non
1086 2394 1155 2436 esse

55 2476 283 2560 compositum:
315 2481 351 2539 21
375 2475 520 2538 novimus
544 2474 652 2552 etiam,
676 2496 698 2537 a
720 2473 871 2538 laudabili
894 2474 1056 2560 Scriptore
1081 2496 1154 2538 eum

54 2577 238 2662 prodiisse.”
258 2578 362 2660 (197.)
406 2576 590 2640 Sermonem
616 2576 656 2639 de
680 2575 930 2661 Quadragesima
954 2585 973 2612 ‘⁶
988 2576 1032 2640 nil
1054 2582 1152 2653 vetat,

55 2678 223 2764 quominus
245 2678 345 2742 Leoni
372 2679 493 2762 Magno
522 2677 728 2741 tribuamus.”
771 2677 956 2741 Sermonem
979 2685 1089 2742 autem
1114 2678 1154 2741 de

55 2780 300 2844 Resurrectione
329 2778 458 2843 Domini
489 2778 635 2855 alterum,
665 2801 703 2842 22
731 2780 864 2843 tertium
893 2780 932 2844 de
963 2779 1153 2844 Festivitate

56 2884 88 2948 S.
107 2883 210 2962 Pani,
230 2882 331 2947 Leoni
349 2884 397 2946 M.
408 2881 590 2966 abjudicat:
615 2881 699 2945 hunc
721 2882 806 2944 enim
827 2882 981 2966 Scriptcri
1002 2882 1056 2968 qui
1072 2881 1152 2947 VII.

55 2991 114 3050 221
128 2986 230 3049 VIll.
255 2991 314 3049 221
336 2984 435 3048 etism
457 2983 523 3046 IX.
548 2983 664 3047 saeculo
688 2983 805 3061 floruit,
829 2984 919 3047 illum
941 2984 1034 3048 Patri
1059 2984 1153 3048 alicui

55 3087 184 3150 minime
209 3086 448 3164 contemnendo,
473 3085 527 3170 qui
552 3085 667 3150 saeculo
690 3086 749 3149 IV.
775 3092 834 3151 221
849 3087 886 3150 V.
906 3085 1030 3165 vixerit,
1052 3087 1153 3151 tribu-

56 3189 174 3252 endum
188 3211 256 3253 esse
271 3188 409 3274 conjicit.
454 3189 566 3253 Sermo
588 3189 628 3252 de
643 3189 785 3254 Abrahae
806 3189 871 3253 filio
891 3189 1003 3253 incerti
1022 3197 1080 3268 est,
1097 3191 1154 3254 sed

55 3293 148 3355 bcnoe
166 3298 252 3356 notae
272 3292 422 3356 auctoris.
468 3291 582 3355 “Tres
603 3313 699 3376 porro
720 3292 909 3377 comperisse
930 3291 1008 3355 mihi
1027 3293 1153 3377 (Trom-

55 3393 130 3457 belli
145 3393 247 3471 dicit)
262 3394 347 3458 visus
361 3415 441 3471 sum,
454 3415 589 3478 quorum
605 3394 699 3458 alicui
718 3394 816 3459 tribui
830 3395 857 3458 is
871 3395 992 3479 possit;
1013 3394 1153 3458 Leonem

55 3516 169 3580 nempe
185 3496 349 3581 Magnum,
368 3496 547 3560 Maximum
561 3496 798 3575 Taurinensem,
815 3504 848 3562 et
868 3498 1002 3562 Petrum
1019 3499 1154 3584 Chryso·

54 3599 193 3684 lcum?
209 3603 253 3684 o·
267 3600 355 3685 252.)

524 3787 675 3857 XXIII.

101 3933 204 3997 Istam
226 3931 451 3998 Collectionem
478 3955 542 3997 non
571 3932 619 3997 ita
646 3932 748 3997 multo
777 3939 850 4016 post
878 3932 942 3996 2112
970 3934 1012 3997 sb
1041 3933 1154 3998 iisdem

56 4034 224 4099 Onnonicis
242 4034 453 4121 Regularibus
476 4035 573 4113 edita,
596 4041 695 4118 atque
717 4034 751 4097 in
770 4033 882 4097 eudem
904 4033 1016 4112 forma,
1041 4057 1153 4121 nempe

55 4138 92 4200 io
105 4147 223 4223 quarto,
238 4160 365 4217 excuss,
381 4138 517 4223 excepit.
549 4137 675 4202 Titidus
689 4137 737 4202 ita
751 4157 784 4200 se
798 4135 914 4200 habet:

56 4307 169 4378 Bedae
190 4316 229 4377 21
246 4308 385 4380 Claudii
402 4309 625 4381 laurinensis
640 4310 799 4400 itemque
816 4307 965 4378 aliorum
979 4309 1155 4383 Veterum

581 4444 603 4481 K
