2790 4958
416 315 564 380 Doobaaii
586 313 797 401 Splailapimn.

59 555 249 635 Privilegium
261 554 499 615 Cluniacensibus
510 555 664 614 Monachis
676 554 808 614 concedit
816 553 997 611 Lunovaous
1007 551 1060 610 VI.

101 653 279 712 Francorum
294 653 377 712 Rex:
399 653 476 712 idem
491 653 640 713 confirmat
655 652 832 710 Pmmaaus
846 650 905 709 IV.
1081 647 1150 709 ibid.

58 750 158 809 Litem
178 751 256 810 inter
270 751 448 831 Episcopum
464 751 669 818 Basileensem‚
683 770 716 808 ao
736 747 896 807 Monachos
915 746 947 805 S.
960 745 1051 804 Blasii

100 847 242 907 dirimunt
267 849 454 908 Gnnoomns
478 848 634 926 Presbyter
659 845 830 912 cardinalis,
855 865 888 904 uc
912 844 1052 903 Ponnsus

101 943 202 1003 Abbas
216 944 423 1004 Cluniacensis.
1089 956 1149 1016 477

58 1045 209 1101 Caucasus
224 1044 320 1102 Parae
333 1044 376 1101 ΙΙ.
392 1043 526 1123 Epistola
546 1043 582 1101 ad
599 1041 781 1101 Ludovicum
796 1040 852 1099 VI.
874 1039 1051 1098 Francorum

102 1140 223 1218 Regem.
1093 1135 1151 1211 478

60 1238 218 1296 Lnnovac1
234 1237 289 1296 v1.
304 1237 438 1317 Epistola
451 1237 486 1296 ad
502 1238 654 1297 Callistum
669 1238 712 1296 11.
1080 1233 1151 1294 ibid.

60 1334 272 1395 Remissionem
287 1336 466 1395 Marascaliae
487 1346 517 1396 et
538 1336 667 1394 Canariae
688 1336 719 1394 in
739 1335 808 1394 villa
821 1333 969 1400 Tussiaco‚
984 1352 1052 1391 oon-

102 1453 210 1491 cessam
224 1432 362 1491 Ecclesiae
376 1433 548 1501 Bisuntinae,
563 1433 714 1492 confirmat
725 1432 905 1490 Casmenas
919 1429 1007 1487 Para
1021 1429 1065 1487 11.
1092 1443 1153 1505 479

61 1529 201 1609 lijasdem
216 1530 351 1609 Epistola
364 1531 401 1589 ad
415 1531 590 1589 Gaufridum
602 1533 820 1596 carnutensem,
831 1529 974 1586 loannem
989 1525 1052 1584 Au-

101 1625 300 1695 relianensem,
315 1639 345 1687 et
360 1628 540 1707 Stephanum
555 1627 746 1687 Parisiensem
761 1626 930 1705 Episcopus.
1082 1623 1153 1683 ibid.

62 1723 207 1782 Hononn
227 1724 320 1783 Pars
338 1727 381 1784 II.
401 1726 535 1805 Epistola
556 1724 593 1784 ad
618 1725 779 1784 canonicos
799 1722 938 1782 Ecclesia
957 1723 1051 1780 Turo-

102 1820 209 1879 nensis.
1082 1818 1152 1878 ibid.

61 1918 202 1996 Ejusdem
215 1919 346 1998 Epistola
361 1919 398 1978 ad
411 1919 593 1979 Ludovicum
609 1919 665 1979 VI.
681 1919 858 1978 Francorum
874 1917 994 1996 Regem.
1082 1915 1153 1975 ibid.

63 2015 199 2094 Ejusdem
214 2014 349 2094 Epistola
361 2017 398 2075 ad
412 2016 613 2076 Alexandrum
628 2016 817 2096 Episcopum,
832 2025 862 2073 et
884 2014 921 2073 ad
935 2014 1053 2074 Clerum

103 2110 303 2170 Leodiensem.
1084 2109 1155 2168 ibid.

61 2209 251 2267 Ganrnrnns
265 2209 429 2289 Episcopus
441 2210 630 2270 carnutensis
643 2209 769 2288 eligendi
785 2209 894 2267 Decani
908 2207 1053 2268 licentiam

103 2304 257 2364 canonicis
271 2305 410 2366 concedit.
600 2322 602 2326 ·
1094 2304 1154 2378 480

62 2403 225 2464 Canonicos
240 2402 398 2481 Regulares
417 2403 449 2461 in
463 2402 590 2464 Abbatia
609 2405 641 2463 S.
655 2404 777 2462 Martini
792 2402 996 2482 Sparnacensis
1009 2402 1055 2458 in.

104 2498 202 2557 stituit
216 2498 434 2556 Tusculanus
448 2499 552 2559 Comes
566 2499 727 2567 Palatinus,
742 2499 802 2557 sive
815 2496 989 2575 Campaniae.
1084 2494 1154 2555 ibid.

63 2594 101 2655 ld
128 2595 295 2653 institutum
329 2595 480 2655 confirmat
512 2598 698 2656 Ramannus
725 2595 968 2674 Archiepiscopus
996 2592 1055 2651 Re-

104 2691 221 2750 mensis.
1085 2688 1156 2748 ibid.

62 2789 247 2846 Lunovrcus
261 2789 314 2846 VI.
336 2790 508 2849 Francorum
524 2791 590 2850 Rex
605 2792 792 2850 Carnutensis
806 2787 945 2847 Ecclesiae
958 2807 1055 2846 servos

105 2885 134 2943 in
146 2884 213 2962 jure
227 2905 279 2962 pro
292 2884 391 2944 liberis
403 2887 501 2946 haberi
512 2888 607 2965 jubet.
1095 2884 1152 2958 481

64 2983 145 3041 Idem
159 2982 254 3060 Leges
268 2983 353 3042 Pacis
366 2984 502 3043 Lauduni
517 2986 677 3045 constituit.
1086 2981 1155 3040 ibid.

64 3081 187 3145 Pactum
203 3079 239 3138 de
259 3080 361 3139 futuro
374 3083 557 3142 matrimonio
572 3084 649 3142 inter
661 3082 844 3141 Armannum
861 3081 897 3140 de
912 3078 1054 3146 omullus,

105 3198 138 3236 ac
153 3177 292 3257 Sibyllam
307 3178 394 3237 filiam
410 3180 492 3239 Petri
507 3181 543 3240 de
557 3181 701 3240 Obillone.
1096 3177 1153 3252 483

64 3275 222 3334 Luuovmr
238 3274 294 3333 Vl.
309 3275 444 3355 Epistola
457 3277 493 3336 sd
507 3278 650 3356 Legatum
665 3276 842 3358 Apostolicae
857 3275 950 3335 Sedis.
1095 3275 1157 3348 484

66 3371 146 3430 Cleri
160 3373 377 3452 Rotomagenais
390 3374 524 3454 Epistola
537 3376 574 3434 ad
589 3376 753 3434 Honorium
769 3375 877 3454 Papam
893 3374 935 3433 11.
1083 3371 1155 3431 ibid.

65 3470 209 3529 Hanmcs
237 3470 280 3528 11.
307 3468 470 3548 Anglorum
498 3472 588 3552 Regis
616 3473 749 3552 Epistola
776 3471 813 3531 ad
840 3471 1044 3530 Innocentium

107 3567 215 3646 Papam
232 3567 273 3626 ΙΙ.
1085 3566 1156 3626 ibid.

64 3665 258 3724 luuccarsms
270 3665 362 3723 Parra
375 3667 415 3725 ΙΙ.
430 3666 565 3746 Epistola
579 3667 614 3727 ad
627 3668 785 3746 Hugonem
796 3666 1055 3745 Archiepiscopum

106 3761 357 3840 Rotomagensem.
1085 3759 1155 3819 ibid.

67 3858 272 3920 Cancnioorum
297 3859 513 3938 Petengenaium
536 3859 671 3939 Epistola
693 3860 731 3919 ad
754 3859 923 3938 Capitulum
945 3859 1057 3916 Torna-

105 3976 199 4016 cense.
1096 3955 1154 4030 485

66 4053 226 4113 Raruannr
251 4054 470 4134 Archiepiscopi
495 4054 647 4114 Remensis
674 4053 809 4134 Epistola
835 4053 872 4112 ad
895 4054 1056 4114 Robertum

107 4151 286 4231 Episcopum
301 4152 522 4210 Tornacensem.
1083 4149 1157 4209 ibid.

65 4248 230 4308 borasan
251 4249 438 4328 Imperatoris
452 4249 559 4308 Litcrae
579 4249 610 4307 ia
631 4269 716 4309 causa
734 4248 898 4309 Innocentii
913 4248 1000 4328 Papia
1014 4247 1057 4306 11.

106 4366 140 4406 ac
154 4345 236 4405 Petri
247 4345 360 4406 Laome.
1086 4341 1156 4402 ibid.
