2790 4958
236 297 279 356 82
606 292 785 358 Molillouii
806 293 967 358 Analecta.

1278 459 1339 522 Peg.

242 543 417 600 Gansrrnrr
443 541 625 608 scholastici,
654 555 756 621 postea
783 542 968 602 Snnvnsnsr
994 545 1079 622 Papae
1099 544 1144 603 II.
1164 543 1239 622 Epi.

281 637 356 697 stola
376 639 413 697 de
434 638 562 717 Spbaerae
582 639 809 707 constnrctione
827 639 866 698 ad
886 639 1112 699 Constantinum
1133 640 1240 698 Mona·

282 736 367 793 chum
383 735 605 794 Floriacensem.
1282 754 1337 793 102

244 833 382 911 Ejusdem
393 832 453 908 jam
469 832 556 910 Papae
572 831 676 890 Sermo
690 832 727 891 de
742 832 947 891 informatione
962 833 1185 912 Episcoporum.
1285 851 1339 906 ¹03

241 928 380 1008 Ejusdem
396 927 534 987 Praefatio
553 927 591 987 ad
606 928 748 987 Ottonem
770 929 989 1007 Imperatorem,
1003 929 1035 986 in
1053 929 1149 986 locum
1167 928 1240 987 Por·

281 1024 377 1104 phyrii
391 1045 410 1082 a
423 1023 655 1082 seillustratum.
1283 1025 1341 1081 106

242 1120 392 1200 Anonymi,
407 1119 546 1178 Monachi
561 1119 790 1187 Ratisbonensis,
805 1118 922 1178 libellus
936 1119 973 1178 de
994 1120 1055 1178 suis
1067 1118 1238 1178 tentationi-

281 1218 346 1284 bus,
360 1216 439 1275 varia
451 1217 580 1284 fortuna,
596 1226 626 1274 et
640 1215 764 1295 scriptis.
1283 1233 1339 1289 107

242 1316 379 1374 Josrrrrrs
394 1312 518 1371 Abbatis
535 1312 678 1390 Prologus
696 1311 734 1371 ad
748 1312 966 1391 Imperatricem
980 1310 1097 1371 viduam
1115 1311 1238 1370 Henrici

282 1407 478 1487 Imperatoris,
492 1407 523 1464 in
537 1426 612 1485 opus
624 1426 742 1484 precum
756 1406 900 1464 variarum
914 1426 931 1464 a
945 1427 976 1465 se
992 1405 1184 1484 compositum
1201 1424 1239 1463 ex

284 1505 431 1564 Patribus.
1282 1518 1339 1557 120

243 1601 390 1660 Bonnam
404 1599 529 1659 Abbatis
544 1597 689 1675 Prologus
702 1597 734 1655 in
748 1598 870 1657 Cantica
883 1598 1081 1657 Canticorum.
1284 1595 1339 1654 128

240 1697 343 1775 Algeri
365 1694 536 1754 Scholastici
554 1693 690 1771 elogium,
705 1705 823 1753 auctore
844 1694 877 1750 N
879 1712 989 1753 rconso
1006 1692 1162 1752 Leodiensi
1181 1693 1238 1751 Ca·

283 1793 396 1858 donico,
411 1791 474 1867 ejus
488 1789 600 1867 aequali.
1282 1808 1339 1866 129

182 1902 185 1906 ’
242 1889 374 1948 Annum
389 1888 528 1946 Praefatio
541 1887 573 1944 in
585 1886 693 1943 librum
707 1885 744 1945 de
757 1886 955 1944 misericordia
969 1896 999 1944 et
1009 1886 1136 1962 justitia.
1283 1906 1293 1942 1
1300 1905 1339 1960 30

242 1984 371 2043 Anum
385 1983 525 2042 Monachi
540 1981 683 2059 Prologus
696 1982 727 2039 in
740 1982 848 2040 librum
862 1982 913 2060 qui
928 1982 1035 2042 dicitur
1050 1981 1237 2060 Gregorialis.
1284 1999 1336 2056 131

243 2083 394 2140 Huaours
416 2099 437 2137 1
458 2080 490 2140 S.
500 2081 643 2137 Vrcnosn
665 2079 810 2157 Opusculi
833 2078 869 2139 dc
892 2078 990 2138 studio
1009 2078 1125 2157 legendi
1150 2090 1238 2158 caput

281 2176 428 2244 ultimum,
442 2175 479 2235 de
492 2176 617 2252 ingenio.
1282 2195 1338 2251 132

241 2262 386 2331 Anno-rus
400 2271 525 2331 Abbatis
539 2271 731 2330 Floriacensis
745 2271 888 2330 Collectio
902 2272 1066 2339 Csnouum,
1081 2270 1117 2328 ad
1132 2271 1238 2350 Hugo-

281 2391 347 2430 uem
362 2381 392 2429 et
407 2370 568 2428 Robertnm
583 2368 679 2447 Reges
694 2367 882 2427 Francorum.
1281 2387 1316 2443 13
1320 2388 1337 2444 3

242 2467 451 2546 Fragmentum
464 2465 589 2525 Concilii
603 2464 839 2542 carthaginensis
853 2464 921 2522 anni
936 2481 1070 2522 nxxxrv.
1283 2483 1339 2542 149

242 2565 450 2642 Fragmentum
462 2562 645 2622 Historicum
659 2561 696 2621 de
711 2559 843 2620 Concilio
857 2559 1095 2639 Aquisgranensi.
1267 2561 1338 2620 ibid.

240 2661 484 2721 Additamentum
498 2660 536 2719 ad
548 2659 713 2718 Concilium
728 2658 915 2719 Tusiaceuse.
1281 2677 1338 2736 150

240 2759 399 2817 Lnnovrcr
422 2756 469 2813 Pii
491 2755 688 2833 Imperatoris,
703 2754 872 2834 Capitnlsre
893 2755 929 2815 de
944 2756 1125 2816 Monasterio
1139 2757 1238 2816 Picta-

282 2853 364 2911 vensi
378 2852 409 2911 S.
419 2851 532 2910 Crucis.
1266 2853 1337 2914 ibid.

240 2949 322 3009 Ordo
343 2949 428 3008 officii
449 2947 612 3006 celebrandi
634 2959 702 3007 ante
718 2949 829 3007 Pascha
850 2949 880 3005 in
894 2948 1024 3008 Ecclesia
1042 2950 1074 3007 S.
1085 2949 1238 3010 Benedicti

282 3044 471 3123 Frisingensi.
1281 3064 1334 3123 151

240 3141 381 3219 Antiqua
395 3139 627 3199 consuetudines
641 3140 886 3199 Monssteriorum
901 3140 1022 3200 Ordinis
1036 3141 1069 3199 S.
1079 3141 1242 3201 Benedicti.
1282 3159 1336 3219 151

241 3237 389 3315 Scriptum
405 3237 544 3294 Fratrum
567 3235 604 3294 de
625 3236 731 3294 Monte
750 3236 857 3294 Casino
878 3235 916 3295 ad
938 3231 1100 3296 Monachos
1117 3237 1237 3297 Ordinis

281 3333 312 3391 S.
329 3331 482 3391 Benedicti
504 3332 692 3398 Teutonicos,
710 3331 747 3390 de
767 3332 871 3391 ritibus
893 3334 1092 3392 Catinensium
1113 3346 1144 3393 et
1164 3334 1236 3393 Clu-

280 3429 468 3487 niacensium.
1280 3449 1337 3508 154

239 3527 418 3586 Wrnnnmrr
446 3525 566 3584 Abbatis
594 3524 738 3602 Prologus
765 3526 796 3583 in
820 3526 1056 3586 Consuetudines
1081 3527 1234 3605 Hirsaugi·

281 3641 373 3681 enses.
1266 3624 1336 3682 ibid.

240 3717 386 3777 Formuloe
400 3716 553 3775 oblationis
566 3735 724 3795 puerorum
738 3717 769 3774 in
784 3718 981 3777 Monnsteriis.
1280 3738 1334 3798 155

239 3815 338 3875 Variae
357 3815 449 3875 literae
469 3814 576 3892 quibus
591 3813 766 3874 Societatem
779 3816 982 3895 suffragiorum
997 3818 1101 3877 ineunt
1116 3818 1234 3877 Clunia·

280 3933 388 3983 censes,
404 3911 613 3979 Cartusieuses‚
629 3911 684 3969 &c
1279 3936 1337 3994 ¹59

240 4011 328 4069 Ritus
342 4009 520 4089 probationis
534 4029 587 4088 per
600 4029 704 4086 aquam
718 4010 864 4088 frigidam,
879 4013 915 4072 ab
929 4012 1082 4072 Euenum
1096 4013 1177 4092 Papa
1191 4014 1233 4071 11.

280 4105 432 4162 instituta.
1278 4111 1331 4168 161

240 4200 346 4258 Forma
361 4201 676 4260 excommunicationis.
1278 4207 1334 4264 162

241 4295 450 4355 Kalendarium
465 4296 697 4374 antiquissimum
713 4297 852 4359 Ecclesia
866 4299 1110 4380 carthaginensis.
1278 4305 1333 4378 163
