2790 4958
488 661 882 757 NOTITIA

136 1098 139 1103 Ι
215 971 672 1060 scnrrronnnr
725 977 806 1057 ss
853 973 1158 1066 Parnon,

624 1244 680 1304 tro.
697 1245 752 1304 tro.

560 1517 569 1521 -
601 1503 821 1536 ...Q-.—

675 1719 704 1788 Ι.

142 1867 292 1983 MIHI
307 1867 423 1931 volenti
439 1866 646 1931 Collectiones
661 1866 802 1949 Operum
817 1867 874 1929 SS.
892 1866 1026 1931 Patrum
1041 1866 1237 1953 aliorumque

241 1969 409 2032 Sacrorum
425 1969 705 2031 Monumentcrum
727 1974 800 2050 post
816 1968 918 2053 lttigii
938 1977 1067 2032 aetatem
1087 1971 1118 2031 in
1136 1970 1237 2034 lucem

140 2071 243 2136 editas
273 2062 465 2146 enumerare,
496 2070 599 2154 prima
628 2090 662 2131 se
690 2069 783 2132 offert
812 2070 948 2134 colonio
977 2073 1068 2135 Nona
1094 2073 1237 2148 Patrem,

141 2195 220 2257 quae,
244 2173 359 2237 edente
389 2170 561 2234 clarissimo
591 2170 761 2232 Bassiano
790 2194 829 2232 nn
856 2173 1081 2250 Mosrrancor,
1107 2172 1238 2236 Parisiis

141 2298 223 2339 anno
246 2274 367 2338 Salutis
389 2296 510 2336 nnccvr.
532 2272 691 2357 publicam
716 2273 818 2336 lucem
843 2275 1000 2358 adspexit.
1044 2276 1169 2340 Titulus
1192 2278 1239 2340 ita

142 2401 174 2443 sc
187 2379 305 2442 habet:

143 2546 343 2618 comneno
377 2525 476 2617 Nora
511 2544 658 2615 Patrum
696 2552 733 2613 et
768 2544 987 2636 Scriptorum
1023 2545 1237 2629 Graecorum,

216 2662 361 2732 llusebii
385 2660 615 2741 Caesariensis
637 2658 835 2742 Athanasii,
854 2669 891 2729 et
912 2661 1053 2732 Cosmae
1069 2662 1237 2755 AEgyptii.

217 2776 307 2847 Haec
346 2799 440 2846 nunc
477 2777 629 2866 primum
675 2799 721 2843 ex
758 2775 1011 2867 Manusoriptis
1049 2778 1239 2848 (lodicibus

215 2892 351 2963 Graecis
381 2890 515 2961 Italicis
542 2889 804 2980 Gallicanisqne
838 2892 941 2973 eruit,
968 2891 1096 2961 Latine
1122 2894 1239 2974 vertit,

217 3007 326 3078 Notis
351 3016 388 3076 et
406 3005 677 3076 Praefationibus
699 3005 890 3074 illustravit
912 3005 957 3074 D.
970 3005 1170 3076 Bernardus
1195 3007 1240 3076 de

217 3121 464 3204 Montfaucon
518 3121 707 3213 Presbyter
759 3128 797 3189 et
847 3119 1050 3193 Monachus
1097 3121 1240 3191 Ordinis

216 3239 340 3309 Sancti
366 3237 563 3319 Benedicti,
588 3259 609 3306 e
634 3234 917 3328 congregatione
943 3234 980 3305 S.
1000 3232 1130 3305 Mauri.
1174 3235 1241 3306 Pa-

218 3354 318 3435 risiis,
338 3372 487 3424 arnocvr.
535 3351 580 3421 In
598 3349 709 3420 Folio.

449 3561 488 3623 ln
502 3567 591 3624 tomo
605 3558 708 3644 primo
723 3561 925 3625 continentur

142 3677 280 3737 Ensnnn
293 3679 461 3736 Psnrnrnr
476 3678 660 3736 Caesariensis
675 3677 733 3755 Ep.
748 3677 958 3736 commentarii
972 3680 1003 3736 in
1018 3679 1158 3737 Psalmos.

432 3847 472 3911 In
485 3849 624 3912 secundo
638 3855 726 3911 tomo
741 3847 943 3911 continentur

143 3968 177 4026 S.
193 3967 381 4026 Arusacen
402 3966 540 4046 Archiep.
556 3967 750 4026 Alexandrini
772 3967 923 4046 Opuscula
943 3966 1077 4026 secundis
1098 3971 1174 4029 curis
1195 3994 1238 4032 re·

185 4074 278 4143 perta,
293 4075 323 4121 et
337 4063 458 4121 antehac
472 4064 592 4122 inedita.

142 4164 259 4221 (lesu
273 4160 498 4240 Indicoplenstoe
512 4162 742 4221 Christianorum
753 4162 863 4240 Opinio
877 4161 914 4221 de
930 4162 1055 4229 Mundo,
1071 4166 1131 4224 sive
1146 4165 1244 4246 Topo·

185 4259 306 4336 graphia
319 4258 495 4316 Christiana.

145 4356 287 4413 Ensnnrr
303 4353 487 4412 cesariensis
500 4353 717 4413 Commentario
731 4354 761 4410 in
778 4355 926 4412 Hesaiam.

692 4469 709 4506 n
