2790 4958
139 304 181 367 aa
417 284 952 371 ratrammrmmaram.

140 457 199 520 cap·
210 523 330 581 Gabriel
357 523 521 603 Episcopus
550 524 669 592 Hesuae,
698 536 728 583 et
757 524 839 584 Elias
868 523 1046 587 Patriarcha,

283 621 362 678 A.C.
381 639 467 696 1590.
494 635 579 696 1500.

139 717 189 777 62.
211 717 358 795 Josephus
372 716 415 775 11.
431 716 608 785 Patriarcha,
621 719 656 775 A.
668 718 702 777 C.
722 719 808 793 1693.

138 815 189 890 63.
212 813 375 892 Scriptores
389 813 506 872 incerte
522 814 624 873 aetatis.

186 909 189 915 ’
212 911 338 968 Omarus
351 910 544 969 Bassorensis

210 1008 340 1066 Joannes
354 1007 558 1078 scholasticus,
572 1009 623 1085 qui
638 1019 668 1068 et
684 1008 875 1088 Philoponus,
891 1007 1110 1087 Monopbysita.

211 1104 308 1172 Jahia,
333 1124 384 1163 seu
409 1104 539 1163 Joannes
561 1105 661 1164 Hariri
685 1105 865 1183 Tagritensis
888 1105 976 1170 filius,
998 1125 1102 1183 cogno-

144 1189 152 1262 ³.
261 1213 361 1261 mento
374 1200 595 1270 AbulNasrus,
609 1201 752 1261 Jacobita.

211 1299 383 1359 Theodorus
397 1298 533 1358 Abucara
548 1300 713 1379 Episcopus
728 1299 841 1359 Harao,

211 1397 345 1455 Andreas
360 1395 537 1455 Edessenns.

212 1494 295 1554 Elias
309 1493 477 1553 Edessenus
491 1494 664 1573 Episcopus.

211 1592 357 1650 Abrabam
374 1591 566 1650 Bassorensis.

212 1688 381 1748 Abnlezzus
395 1687 503 1746 Chedri
518 1687 605 1754 filius,
622 1687 787 1766 Presbyter.

142 1848 145 1861 ι
212 1786 386 1844 Patriarchoe
396 1783 597 1842 Chaldaeorum
610 1803 661 1842 seu
676 1784 957 1851 Nestorianornm,a
971 1785 1002 1843 S.
1010 1785 1122 1843 Thema

262 1881 406 1962 Apostolo
420 1880 457 1939 ad
470 1890 640 1959 praesentem
657 1900 747 1958 usqne
762 1880 849 1940 diem.
1174 1884 1231 1941 611

212 1979 387 2037 Patriarchoe
401 1975 601 2036 Chaldaeorum
617 1977 718 2036 ordine
733 1977 937 2057 Alphabetico.
1174 1981 1235 2054 624

211 2076 305 2135 Index
319 2075 455 2154 Syriacus
464 2072 676 2153 Alphsbeticus
687 2074 920 2133 Patriarcharum
931 2075 1142 2135 Chaldmorum.
1174 2080 1234 2152 627

212 2172 334 2232 Codices
347 2171 535 2250 manuscripti
551 2170 673 2250 Syriaci,
685 2171 811 2249 Coptici,
822 2171 952 2237 Arabici,
966 2183 996 2230 et
1010 2171 1114 2231 Arme-

261 2269 318 2328 nici
341 2268 419 2347 typis
441 2267 583 2346 impressi,
600 2267 637 2325 ad
658 2266 775 2326 Sacram
795 2267 1054 2347 congregationem
1077 2269 1113 2328 de

262 2365 451 2445 Propaganda
465 2364 539 2426 Fide
554 2385 590 2424 ex
605 2364 727 2425 Oriente
741 2366 911 2434 transmissi,
925 2366 1113 2447 ejusdemque

261 2465 388 2524 Decreto
402 2463 432 2521 in
448 2462 659 2523 Bibliothecam
671 2463 843 2522 Vaticanam
858 2463 943 2522 illati.
1175 2467 1212 2543 63
1216 2485 1235 2543 5

211 2562 306 2621 Index
321 2562 441 2620 Rerum.
1174 2564 1242 2652 6⁵56*

139 2759 370 2833 Bibliothecae
407 2756 598 2828 Orientalis
639 2767 783 2851 quartus
824 2760 965 2843 Tomus
1009 2759 1097 2850 (sive
1132 2760 1236 2830 Tomi

213 2875 310 2946 tertii
333 2873 419 2943 Pars
447 2873 611 2943 Secunda
637 2874 681 2944 de
708 2875 804 2970 Syris
829 2875 1077 2968 Nestorienis,)
1096 2876 1237 2960 Romae,

145 3007 147 3011 ’
212 3014 304 3062 anno
333 3008 564 3087 uuooxxvm.
598 2991 635 3060 in
675 2990 793 3062 lucem
832 2993 957 3075 editus,
993 2993 1236 3064 doctissimam

145 3103 147 3107 ⁴
212 3116 319 3199 atque
353 3105 604 3198 amplissimam
638 3105 826 3178 Assemani
858 3108 1155 3179 Dissertationem
1190 3110 1236 3181 de

214 3223 310 3317 Syris
328 3221 550 3292 Nestoriania
567 3224 737 3297 continet.
1224 3229 1227 3233 ’

653 3437 722 3512 VI.

83 3670 87 3677 ,
182 3603 273 3669 Nunc
302 3603 344 3667 ad
373 3601 560 3667 restarem
587 3601 807 3666 Amatorem
834 3602 1040 3668 Nocissboom
1070 3604 1237 3669 Banasam

139 3708 214 3787 Pan,
237 3706 434 3773 Benedictini
460 3713 493 3770 et
518 3703 756 3770 Bibliotheoarii
780 3704 981 3785 Mellicensis‚
1004 3706 1236 3793 progredimur.

140 3810 210 3875 Ista
235 3809 387 3888 collectio,
403 3831 459 3872 sex
485 3807 609 3893 magnis
628 3806 723 3873 tomis
745 3806 778 3871 in
801 3807 876 3872 folio
898 3807 1058 3887 distincta,
1075 3811 1238 3895 Augustae

138 3911 375 3977 vindelicorum
392 3917 426 3975 et
441 3908 557 3975 Graecii
574 3909 608 3973 in
622 3909 724 3974 lucem
738 3908 867 3995 prodiit.
912 3911 1013 3976 Primi
1034 3912 1134 3990 Tomi,
1150 3935 1238 3979 anno

138 4034 282 4077 mcccxxr.
299 4013 386 4092 editi,
402 4011 577 4077 titulusita
592 4011 756 4076 sehabet:

137 4191 334 4265 Thesaurus
369 4191 639 4263 Aneodotorum
675 4190 918 4265 Novissimus:
961 4218 1024 4266 seu
1055 4194 1236 4292 Veterum

196 4308 542 4390 Monumentorum,
584 4308 762 4402 praecipue
805 4310 1144 4394 Ecclesiasticorum,
1188 4335 1236 4385 ex
