2790 4958
299 331 442 393 Murteae
462 337 490 393 ot
511 328 649 393 Daraad
672 327 841 393 Honoras
861 329 1092 394 Aaoodotorrua.
1222 331 1243 391 5

219 504 265 573 de
299 501 499 574 Schismata
533 501 745 574 Pontificum
776 501 1080 574 Aveuiouenaium
1110 502 1242 575 Monu-

219 628 352 690 menta.

225 835 436 900 Monumenta
449 835 558 919 itaqua
572 856 610 899 eo
625 842 776 900 contenta
790 836 903 900 titulus
916 837 984 921 ipse
999 835 1151 900 declarat.

142 1006 366 1079 Tuusuuaus
406 1007 539 1080 Novus
581 1009 875 1082 Auncnoroauu.
930 1011 1062 1082 'lomus
1090 1011 1240 1093 Tertius,

220 1123 459 1215 complectens
486 1126 661 1196 Chronica
686 1127 806 1208 Varia,
832 1126 987 1219 Aliaque
1016 1151 1099 1197 cum
1129 1126 1241 1197 ecole-

220 1240 359 1308 siastica
376 1248 454 1309 tum
471 1239 588 1310 civilia
612 1240 771 1309 omnium
795 1264 887 1333 pene
907 1242 1091 1311 nationum
1110 1239 1242 1311 Monu-

219 1362 341 1423 menta
358 1353 547 1424 Historica.
584 1355 665 1439 Quo
682 1357 908 1426 continentur

145 1533 312 1591 chronicon
327 1534 443 1593 Sicilia.
1137 1538 1209 1615 Pag.
1229 1556 1240 1594 1

147 1628 239 1685 Gesta
250 1627 392 1687 Taucredi
407 1641 525 1689 anctore
540 1632 720 1689 anuuruo
735 1634 924 1691 Cunomuusr
938 1633 1002 1709 ejus
1015 1631 1159 1690 familiari.
1188 1648 1243 1706 107

148 1724 283 1783 Historia
307 1726 465 1785 Gestorum
489 1727 555 1784 Viae
582 1728 674 1786 nostri
699 1728 852 1806 Temporis
880 1727 1163 1808 Hierosolymitanoe,

189 1832 307 1880 auctore
322 1825 450 1882 Gruoun
467 1823 664 1882 Paarsruusr.
1187 1842 1240 1883 211

148 1918 288 1977 Narratio
303 1920 477 1980 Patriarchae
500 1921 759 2000 Hierosolymitani
777 1941 872 1980 coram
895 1941 1007 1979 summo
1022 1921 1165 1980 Pontifice

189 2014 226 2074 de
240 2026 318 2074 statu
334 2017 432 2075 Terrae
447 2018 569 2085 Sanctae,
585 2018 646 2076 sive
666 2018 778 2076 Jsconu
794 2037 836 2075 nu
854 2019 1012 2077 Vrraruco
1024 2018 1164 2097 Episcopi

190 2108 368 2169 Acconensis
388 2122 418 2170 et
432 2123 533 2191 postea
548 2112 578 2171 S.
589 2114 626 2172 R.
637 2114 675 2172 E.
688 2114 840 2173 cardinalis
855 2115 994 2193 Episcopi
1005 2111 1165 2174 Tusculani

192 2207 331 2265 Historiae
346 2209 505 2268 Orientalis
519 2209 593 2269 liber
606 2210 666 2269 111.
682 2211 718 2268 ab
732 2210 819 2269 editis
833 2211 973 2271 diversus.
1189 2214 1243 2288 267

150 2305 293 2384 Epistola
317 2306 368 2363 IV.
393 2307 521 2383 ejusdem
543 2307 656 2366 Jroonr
686 2328 728 2368 nu
754 2307 916 2368 Vrunruoo
940 2308 976 2366 ad
999 2310 1165 2369 Honorium

193 2402 301 2481 Papam
316 2404 375 2461 III.
390 2404 420 2461 in
441 2405 546 2481 quibus
560 2425 594 2463 ea
615 2405 751 2463 describit
771 2425 835 2482 quae
856 2406 892 2463 ab
907 2405 1049 2465 Exercitu
1066 2406 1165 2466 Chris-

191 2499 336 2558 tianorum
352 2502 383 2558 in
399 2501 490 2559 Terra
505 2502 612 2559 Sancta
625 2512 707 2578 gesta
721 2512 799 2559 sunt.
1190 2505 1246 2579 287

150 2595 305 2663 Ernestus‚
326 2598 387 2656 sive
406 2600 530 2656 Carmen
551 2598 587 2656 de
608 2597 687 2656 varia
705 2598 823 2658 Ernesti
841 2597 970 2656 Bavariae
985 2596 1078 2657 Ducis
1093 2599 1166 2658 For.

195 2677 277 2762 tuna,
291 2704 409 2752 auctore
423 2696 548 2752 Onoran.
1188 2715 1245 2773 307

151 2793 328 2870 Genealogia
343 2792 491 2850 Comitum
507 2792 662 2851 Flandriae.
1188 2813 1245 2870 377

149 2891 313 2950 Jouuuurs
327 2888 416 2967 Iperii
431 2888 556 2948 Abbatis
571 2889 736 2947 Chronicon
748 2889 904 2969 Sythicuse
920 2891 952 2950 S.
964 2891 1087 2950 Bertini.
1187 2912 1246 2966 442

150 2987 285 3046 Historia
299 2985 510 3044 Hasnoniensis
523 2987 696 3045 Monosterii
710 2997 828 3045 auctore
843 2987 1031 3047 romairo.
1190 3006 1247 3064 777

151 3083 506 3142 ChroniconWatinensis
526 3084 698 3143 Monasterii
720 3094 839 3142 auctore
858 3084 1016 3143 Enauano
1037 3085 1167 3162 ejusdem

192 3180 248 3239 loci
263 3179 410 3238 canonico
424 3179 576 3257 Regulari.
1191 3200 1247 3260 797

152 3279 362 3356 Fragmentum
377 3276 517 3335 Historiae
532 3276 693 3334 Britanniae
706 3276 877 3336 Armoricae.
1191 3280 1249 3356 829

153 3375 287 3432 Historia
308 3373 478 3431 Eversionis
498 3374 670 3432 Monosterii
694 3374 724 3432 S.
741 3374 884 3433 Florentii
910 3396 926 3433 a
948 3376 1118 3437 Britonibus
1138 3388 1168 3436 et

192 3469 380 3527 Normannis.
1191 3476 1247 3548 843

152 3567 229 3625 Acta
243 3566 321 3624 varia
334 3565 364 3622 in
380 3567 475 3625 Causa
490 3565 628 3625 Dolensis
640 3567 846 3646 Episcopatus.
1191 3571 1249 3645 849

152 3663 229 3722 Acta
244 3662 427 3721 Tullensinm
445 3661 658 3741 Episcoporum
673 3674 791 3722 auctore
806 3684 959 3742 anonymo.
1190 3666 1250 3743 989

152 3760 200 3818 De
223 3758 313 3837 gestis
333 3758 482 3817 Abbatum
507 3759 822 3818 Maeliani-monasterii
842 3759 909 3818 libri
931 3760 998 3828 duo,
1021 3772 1148 3831 auctore,

193 3866 227 3913 ut
255 3856 348 3925 aiunt,
371 3855 533 3914 Bnuuoun
562 3857 620 3935 Ep.
637 3856 780 3923 Tullensi,
807 3857 856 3933 qui
881 3867 982 3935 postea
1005 3856 1064 3915 fuit
1087 3858 1151 3916 Leo

194 3953 275 4030 Papa
289 3953 346 4010 IX.
1176 3975 1247 4032 109¹

154 4049 287 4108 Historia
302 4049 514 4108 Novientensis
527 4050 702 4109 Monasterii
715 4060 834 4108 auctore
851 4070 995 4128 anonymo
1015 4053 1078 4129 ejus
1094 4052 1151 4111 loci

235 4146 391 4204 Monacho.
1179 4171 1249 4228 1125

154 4245 202 4303 De
217 4244 389 4302 Primordiis
407 4244 647 4302 calmosiacensis
665 4246 837 4303 Monasterii
854 4245 973 4304 Ordinis
991 4247 1022 4305 S.
1034 4247 1152 4325 Augus·

195 4341 250 4399 tini
270 4341 300 4398 in
316 4340 442 4399 Dioecesi
458 4340 591 4398 Tullensi
605 4340 671 4399 libri
687 4341 754 4409 dua,
770 4353 888 4401 auctore
903 4343 1039 4404 Snflaao
1057 4346 1150 4425 primo

196 4436 327 4514 ejusdem
343 4436 518 4496 Monasterii
529 4435 654 4495 Abbate.
1176 4462 1253 4521 1159

676 4551 725 4615 Β3
