2790 4958
244 319 287 385 56
598 320 971 407 uaesrspaaupwm.

1270 478 1291 526 P
1323 513 1330 526 .

246 557 340 616 W1n0
354 557 575 616 Matisconensis
594 559 698 617 Comes
717 559 893 618 Monachum
917 558 1040 616 induens
1060 578 1118 615 non
1138 576 1230 637 pauca
1291 494 1323 542 ²8

284 656 396 713 confert
408 655 587 713 Monasterio
602 654 794 714 Cluniaoensi.
1019 733 1022 738 Ι
1269 672 1328 729 413

245 751 461 810 Gumunuuus
476 751 642 829 Aquitaniae
655 752 727 810 Dux
741 753 891 812 Monetam
906 752 942 811 de
956 752 988 810 N
990 752 1046 810 iort
1061 753 1148 810 donat
1160 752 1228 810 Mo-

285 849 410 907 nasterio
424 848 616 907 Cluniacensi.
1258 848 1329 909 ibid.

244 943 351 1003 Literae
372 944 622 1004 commendatitiae
643 946 807 1005 Guunoan
822 946 914 1004 Para
928 946 1000 1005 v11.
1023 945 1096 1005 datae
1117 947 1227 1005 Beren-

284 1042 363 1119 gario
377 1052 443 1121 post
457 1042 618 1101 Concilium
634 1043 806 1101 Romanum.
1257 1042 1328 1102 ibid.

243 1136 433 1198 Ausumcns
447 1139 534 1198 Miles
548 1139 848 1216 Majori-Monasterio
863 1140 1043 1199 Senicnrtem
1057 1139 1154 1198 donat.
1257 1139 1327 1199 ibid.

243 1232 421 1293 Ausuacus
440 1236 538 1302 Miles,
559 1236 621 1312 ejus
638 1256 711 1295 uxor
724 1248 754 1296 et
768 1237 844 1295 iilius
860 1237 1024 1296 societatem
1043 1237 1145 1295 ineunt
1162 1256 1227 1295 cum

283 1332 434 1391 Monachis
449 1333 480 1391 S.
490 1331 616 1391 Andreae
631 1334 811 1402 Viennensis,
826 1346 860 1392 ut
877 1334 991 1413 piorum
1009 1353 1128 1413 operum
1150 1335 1227 1412 ipso·

283 1449 347 1486 rum
362 1431 515 1509 participes
529 1430 608 1488 fiant.
1268 1449 1327 1506 414

245 1525 345 1584 Euuo
358 1547 400 1584 uu
415 1528 575 1585 lausanna
589 1527 769 1586 Monasterio
790 1528 821 1586 S.
835 1528 960 1587 Andreae
974 1528 1148 1587 Viennensis
1168 1549 1226 1586 non

283 1643 374 1703 pauca
387 1624 505 1694 donant,
519 1625 557 1682 ob
570 1624 622 1681 filii
637 1625 846 1703 susceptionem
861 1626 891 1683 in
906 1625 1093 1683 Monachum.
1255 1625 1325 1685 ibid.

246 1719 426 1779 Pammene
446 1740 488 1778 nu
508 1721 734 1779 assentimus
749 1721 900 1780 Trecensis
914 1723 1085 1801 Episcopus,
1099 1721 1226 1781 instituit

284 1817 443 1877 canonicos
458 1818 615 1897 Regulares
634 1818 665 1877 S.
681 1818 817 1890 Quintini
839 1819 1022 1879 Belvacensis
1045 1821 1076 1877 in
1097 1819 1227 1878 Ecclesia

283 1913 314 1972 S.
327 1915 454 1994 Georgii.
1118 1905 1120 1909 ἲ
1266 1931 1325 1992 415

243 2012 439 2072 Ruuuuuus
458 2015 561 2073 Comes
576 2014 737 2073 Tolosanus
756 2013 898 2072 nunnulla
916 2015 1093 2073 Monasterio
1114 2015 1145 2073 S.
1160 2014 1223 2072 An·

282 2108 357 2168 dreae
370 2109 580 2171 Avenioneusis
593 2122 699 2190 erogat.
1253 2112 1327 2174 ibid.

243 2209 459 2268 Testamentum
472 2211 622 2269 Gauium
637 2229 677 2267 aa
692 2209 859 2268 Gouuouro
873 2209 1055 2268 caturcensis
1066 2209 1212 2289 Episcopi.
1254 2211 1326 2270 ibid.

181 2343 182 2346 =
243 2305 423 2365 Pmmms
442 2326 484 2365 nu
500 2306 726 2365 Casuuamonn
743 2307 893 2365 Trecensis
908 2307 1081 2386 Episcopus,
1096 2308 1226 2386 praeben.

281 2404 396 2463 damin
419 2406 549 2464 Ecclesia
571 2403 745 2474 Cathedrali,
760 2415 789 2463 et
810 2404 967 2463 Ecclesiam
988 2404 1019 2462 S.
1034 2405 1136 2462 Mariae
1156 2427 1224 2465 con.

280 2502 338 2560 fert
352 2503 503 2561 Canonicis
518 2502 709 2580 Regularibus
723 2502 756 2562 S.
767 2502 894 2580 Georgii.
1265 2507 1327 2579 416

156 2590 159 2595 ’
242 2600 436 2658 Raruunmus
450 2598 691 2677 Burgundionum
711 2600 824 2664 Comes,
840 2597 977 2656 Ecclesiae
991 2598 1152 2657 Bisuntinae
1166 2621 1223 2658 non

280 2716 371 2775 pauca
384 2696 481 2754 donat.
1264 2716 1323 2774 4¹7

241 2781 390 2852 Guillelmi
414 2793 535 2852 Comitis
556 2792 692 2851 Tolosani
716 2803 745 2851 et
768 2791 918 2850 Guillelmi
942 2793 1063 2851 Comitis
1087 2794 1223 2854 Barcino-

279 2891 375 2949 nensis
388 2889 539 2949 concordia
553 2910 605 2968 pro
619 2898 711 2947 castro
726 2889 761 2948 de
776 2890 918 2967 Laurago.
1253 2895 1323 2954 ibid.

240 2982 370 3040 Uariam
385 2982 480 3040 Parra
495 2981 536 3039 11.
558 2981 690 3060 Epistola
712 2982 748 3040 ad
771 2982 945 3040 Rainoldnm
966 2980 1222 3064 Archiepiscopum

279 3075 460 3144 Remeusem,
475 3096 507 3134 ac
522 3075 722 3154 suffraganeos
737 3077 808 3154 ejus.
1264 3083 1324 3156 418

240 3175 409 3232 Raruuum
425 3172 567 3232 Gallaeciae
582 3183 611 3231 et
626 3174 772 3232 Hnua1c1
788 3175 974 3252 Portugalliae
989 3176 1134 3235 Comitum
1149 3177 1222 3256 Epi.

277 3269 351 3328 stola
364 3269 400 3327 ad
415 3270 572 3348 Hugonem
586 3269 732 3330 Abbatem
748 3271 978 3333 cluniacensem.
1252 3277 1318 3335 ibid

238 3367 392 3426 Abbatiam
417 3367 593 3426 Hamensem
617 3367 722 3427 fundat
748 3369 955 3429 Iuounaanus
978 3391 1097 3448 eamque
1120 3371 1223 3431 funda·

277 3466 384 3524 tionem
399 3464 547 3523 confirmat
561 3464 734 3524 Ronaarus
749 3465 892 3524 Flandriae
906 3469 1017 3526 Comes.
1251 3471 1322 3530 ibid.

238 3564 394 3623 Raruoruu
416 3562 632 3642 Archiepiscopi
654 3563 804 3622 Remensis
825 3563 958 3643 Epistola
979 3566 1014 3624 ad
1035 3567 1221 3628 Lambertum

277 3663 413 3721 Electum
427 3661 661 3719 Atrebatensem.
1261 3688 1322 3743 420

239 3759 464 3819 Atrcbctcnsium
478 3759 611 3838 Epistola
626 3759 662 3817 ad
678 3758 863 3819 Rainoldnm.
1251 3766 1321 3825 ibid.

239 3859 400 3916 Ramoum
416 3855 548 3936 Epistola
560 3857 596 3914 ad
611 3856 761 3915 Urbanum
776 3859 879 3936 Papam
894 3859 937 3918 II.
1251 3862 1321 3922 ibid.

238 3955 463 4015 Atrebatensium
476 3955 609 4031 Epistola
623 3955 658 4014 ad
674 3955 816 4015 eumdem.
1252 3961 1322 4020 ibid.

237 4051 375 4110 Narratio
389 4051 618 4110 consecrationis
632 4050 780 4111 Lamberti
795 4053 904 4111 Roma.
1260 4075 1318 4132 421

238 4150 368 4208 Uansru
383 4148 424 4205 II.
441 4147 574 4225 Epistola
588 4148 624 4206 ad
639 4148 824 4207 Rainoldnm.
1260 4173 1319 4228 422

236 4251 408 4308 Liuianum
423 4245 557 4322 Epistola
569 4245 606 4304 ad
620 4247 763 4305 eumdem.
1251 4252 1321 4313 ibid.

237 4346 374 4426 Ejusdem
389 4342 520 4422 Epistola
534 4343 570 4401 ad
585 4344 754 4422 Capitulum
769 4345 905 4406 Ecclesiae
920 4348 1076 4410 Remeusis.
1261 4369 1319 4425 423
