2790 4958
441 279 614 342 Munatorii
635 280 791 344 Aaecdota
814 281 941 344 Latina.

660 443 730 567 ru.

190 635 280 699 ldem
296 635 513 711 Muaaroaiua
530 641 666 699 exeunte
688 637 802 700 saeculo
825 637 946 701 decimo
968 637 1112 721 septimo,
1137 659 1245 700 mouu-

144 743 326 800 mentorum
351 756 476 820 quoque
500 735 688 800 latinorum
709 738 901 802 collectionis
922 738 983 802 sub
1007 738 1245 802 Aueodotorum

144 839 272 903 nomine
299 846 405 903 tomos
435 840 515 903 duos
544 839 655 904 edidit.
705 840 754 904 De
789 840 848 919 his,
879 862 1013 926 quorum
1045 841 1133 926 prior
1161 862 1245 905 auno

145 941 480 1005 nmxov11.seoundus
502 963 588 1006 auno
608 964 779 1006 unoxovur.
796 943 970 1008 Mediolani
994 943 1029 1007 iu
1053 943 1155 1006 lucem
1173 963 1246 1027 pro-

144 1043 216 1121 diit,
230 1043 442 1107 consulendus
464 1049 514 1107 est
535 1043 708 1108 Tractatum
723 1044 904 1130 lttigiauus‚
928 1069 958 1130 p.
971 1043 1133 1109 662-664.
1178 1043 1246 1108 Mei

142 1152 255 1210 autem
283 1152 334 1210 est
361 1144 504 1211 instituti
533 1147 574 1209 de
602 1146 731 1230 reliquis
760 1147 856 1212 tomis
884 1148 1025 1233 ejusdcm
1053 1147 1246 1213 collectionis

143 1247 338 1312 montionem
364 1249 477 1326 lacere,
504 1248 568 1333 qui,
594 1250 710 1314 tertius
740 1249 859 1316 sufficet
887 1273 925 1314 ao
954 1257 1096 1335 quartus,
1120 1248 1247 1314 Patavii

140 1371 230 1414 anuo
255 1373 403 1415 unooxm.
430 1350 532 1414 lucem
561 1351 720 1436 publicam
748 1353 973 1438 suspexerunt.
1017 1352 1144 1417 Titulus
1168 1351 1247 1416 utri-

143 1474 246 1537 usque
260 1452 340 1517 tomi
354 1452 430 1516 talis
444 1459 511 1517 est:

146 1591 363 1674 Anauon,
380 1615 457 1682 quae
480 1615 526 1661 ex
548 1591 791 1663 Ambrosianae
809 1590 1040 1664 Bibliothecae
1058 1591 1248 1664 Codicibns

221 1730 317 1777 nuno
346 1708 499 1798 primum
530 1710 623 1777 eruit
649 1694 851 1780 Ludovious
878 1708 1059 1779 Antonius
1086 1708 1249 1777 Murato-

222 1823 304 1906 rius‚
332 1820 500 1894 Sereniss.
523 1823 696 1917 Raynaldi
723 1823 752 1893 I.
777 1824 944 1906 Mutinae,
967 1820 1031 1893 &a
1051 1818 1162 1893 Ducis
1187 1822 1249 1893 Bi·

222 1933 482 2008 bliotheoarius.
516 1938 649 2008 'lomus
670 1940 807 2008 tertius.
848 1938 995 2021 Patavii,
1011 1938 1118 2032 Typis
1135 1936 1249 2008 Semi-

223 2055 321 2137 narii,
352 2072 555 2123 noenum.
612 2051 721 2145 Apud
742 2053 918 2124 loannem
945 2052 1098 2124 Manfre.
1137 2052 1249 2146 Supe-

225 2170 357 2240 riorum
376 2168 564 2251 Permissa,
583 2192 624 2238 ac
643 2164 845 2262 Privilegio.

423 2373 525 2437 ludex
539 2372 772 2458 Opusculorum
786 2370 866 2436 tomi
879 2371 979 2436 tertii.

149 2503 387 2561 Tuanuuursur
396 2502 529 2561 Libellus
543 2502 579 2561 de
594 2503 734 2561 Oratione
749 2501 920 2580 completus,
930 2522 997 2559 cum
1013 2502 1093 2560 uotis
1107 2502 1252 2561 Gnidonis

192 2599 350 2666 Pauoiroli,
364 2610 394 2658 et
409 2599 554 2658 Ludovioi
567 2599 692 2656 Antonii
707 2598 876 2658 Muratorii.

150 2698 389 2755 Srnrnsusunr
410 2715 453 2754 nu
468 2696 700 2754 Vroouaucruo
720 2695 794 2753 Ord.
810 2694 904 2752 Praed„
920 2695 1029 2753 Poema
1049 2695 1086 2754 de
1109 2695 1200 2774 gestis
1220 2696 1251 2752 in

192 2793 318 2851 Ciuitate
333 2792 496 2851 Mediolani
511 2793 565 2850 sub
580 2791 699 2850 Othone
714 2790 893 2849 Vicecomite
906 2788 1143 2872 Archiepiscopo.

150 2888 310 2948 Ascuam
336 2889 387 2966 qui
412 2889 487 2946 vixit
511 2887 578 2947 circ.
603 2908 711 2945 aunum
735 2886 844 2945 Christi
864 2906 971 2946 ncocx.
995 2886 1085 2946 Liber
1104 2884 1141 2946 de
1163 2888 1251 2946 Com·

192 2997 276 3066 puto,
292 2987 352 3045 sive
367 2986 403 3044 de
420 2985 607 3044 Kalendario.

152 3084 184 3141 S.
205 3085 420 3141 Hmnuuuani
450 3081 677 3140 Cenomanensis
705 3079 846 3159 Episcopi
878 3078 1019 3157 Epistolae
1046 3080 1083 3138 V.
1118 3090 1148 3138 et
1183 3079 1252 3138 Ser-

193 3200 294 3238 mones
308 3176 353 3238 11,
368 3199 427 3237 uua
441 3199 508 3237 cum
518 3178 658 3263 *Epistola
671 3176 784 3237 Ivarus
799 3175 993 3235 Oaruotensis.

151 3275 298 3334 Ouaunia
323 3275 448 3333 Abbatis
464 3266 686 3333 'Deithouensis
711 3272 800 3332 Liber
827 3274 864 3331 de
889 3273 1018 3352 Corpore
1046 3284 1076 3331 et
1105 3274 1254 3353 Sanguine

193 3371 313 3430 Christi.
784 3391 787 3397 ¹

151 3468 268 3526 AEsum
284 3466 390 3525 van
407 3467 621 3526 Pmommum
642 3465 782 3544 Episcopi
804 3464 950 3533 Senensis,
965 3466 1015 3543 qui
1037 3466 1074 3524 ad
1096 3467 1254 3527 Pontifica.

192 3574 257 3622 tum
281 3563 446 3621 Maximum
472 3573 589 3621 evectus
610 3562 680 3620 Pius
703 3561 745 3618 II.
766 3561 929 3640 appellatus
953 3573 1006 3630 est,
1029 3564 1133 3622 Oratio
1157 3564 1254 3622 habita

192 3681 289 3718 coram
305 3661 427 3719 Callisto
442 3661 523 3737 Papa
538 3659 597 3717 ΙΙΙ.
613 3658 650 3716 de
667 3656 860 3735 Coanpaclatis
874 3659 1072 3717 Bolemorum.

413 3802 516 3867 ludex
532 3804 762 3887 Opuaeulorum
776 3805 855 3867 tomi
871 3802 986 3886 quarti.

154 3924 188 3983 S.
201 3923 334 3980 Msxnu
349 3918 517 3981 Taurinatis
532 3921 673 4001 Episcopi
687 3923 849 3981 Sermones.

154 4018 405 4097 Antiphonarium
416 4019 644 4077 vetustissimum
657 4017 829 4076 Monasterii
840 4017 1047 4075 Beacliorensis
1061 4017 1091 4074 iu
1101 4018 1255 4080 Hibernia.

155 4116 295 4194 Magistri
307 4114 510 4173 Mansuram
526 4127 627 4174 contra
640 4115 832 4173 Wolfelmum
848 4112 1050 4172 coloniensem
1063 4116 1255 4194 Opusculum.

155 4210 401 4292 supplementum
418 4210 615 4269 Historiarum
630 4211 650 4268 J
652 4228 795 4269 ousuurs
809 4229 851 4268 nu
867 4209 1084 4269 Casuentus.

155 4308 391 4368 Patriarcharum
423 4308 645 4388 Aquileiensium
673 4308 750 4365 Vitae
783 4329 799 4365 a
828 4308 859 4366 S.
886 4306 1066 4386 Hermagora
1095 4329 1187 4386 usqne
1221 4312 1258 4370 ad

196 4404 355 4464 Nicolaum
372 4404 579 4463 Patriareham.

676 4521 695 4559 Β
712 4516 729 4561 2
