2790 4958
156 325 198 386 52
515 324 663 390 Dalana·
685 326 891 412 Spioibpa'ann.

158 562 276 620 Henna
299 560 567 641 Hierosolymorum
594 561 768 620 Patriarcbae
792 561 927 641 Epistola
950 562 987 620 ad
1012 517 1147 621 Carolurn
1188 481 1249 545 ¹³²8·

197 659 319 717 Calvum
335 658 553 737 Imperatorem,
570 659 731 738 Episcopus
745 680 778 718 ac
792 659 915 719 Nobiles
929 658 1100 718 Gallienam.
1174 660 1247 720 ibid.

158 756 340 834 Preceptum
355 755 571 813 clanculam
587 755 764 814 Francorum
780 755 869 834 Regis
890 756 921 814 in
940 756 1062 834 gratiam
1077 757 1147 816 Mo-

198 850 315 909 nasterii
330 849 362 908 S.
373 849 535 929 Polycarpi‚
550 851 580 908 in
594 850 721 909 Dioecesi
732 850 925 910 Narbonensi.
1188 855 1250 930 364

156 947 297 1026 Ejusdem
312 947 504 1026 Praeceptum,
518 968 577 1025 quo
597 948 693 1006 omnia
707 968 772 1026 qua
786 968 802 1005 a
816 947 1071 1027 predecessoribus
1088 951 1147 1010 suis

199 1043 337 1103 Ecclesiae
351 1043 555 1102 Aurelianensi
570 1065 704 1103 concessa
717 1055 795 1111 sunt,
811 1044 972 1103 confirmat.
1119 1071 1121 1074 ·
1179 1047 1249 1107 ibid.

158 1142 306 1200 Canobus
322 1144 461 1200 Caassus
476 1142 551 1220 Imp.
568 1141 718 1201 confirmat
734 1152 910 1220 preceptum
925 1142 1056 1200 Lotharii
1071 1143 1147 1223 Imp.

198 1239 229 1295 in
242 1239 363 1316 gratiam
378 1237 512 1297 Abbatioe
526 1238 652 1296 Grandis
666 1238 770 1296 Vallis.
1190 1242 1248 1318 365

159 1336 348 1414 Privilegium
364 1336 566 1394 Racaunnrnr
581 1335 800 1416 Arcbiepiscopi
814 1335 1000 1407 Viennensis,
1014 1357 1073 1416 quo
1091 1337 1149 1397 Ec-

199 1433 292 1492 clesiae
307 1433 337 1492 S.
346 1432 467 1491 Anarsr
482 1433 513 1490 in
528 1433 607 1492 Villa
619 1434 747 1512 Vogoria
760 1434 835 1492 bona
849 1433 945 1491 omnia
958 1435 1096 1495 restituit.
1178 1436 1250 1496 ibid.

160 1532 340 1609 Praeceptum
355 1530 477 1588 Onorus
496 1530 674 1589 Francorum
697 1530 787 1608 Regis
810 1530 842 1587 in
863 1531 984 1608 gratiam
1008 1533 1092 1592 Mon.
1117 1533 1149 1592 S.

200 1626 363 1707 Polycarpi,
376 1627 408 1684 in
422 1626 549 1686 Dioecesi
562 1627 756 1686 Narbonensi.
1191 1630 1258 1705 366·

160 1725 348 1803 Privilegium
364 1724 504 1784 Fonnrom
520 1724 612 1782 Para
625 1725 656 1781 in
669 1725 789 1802 gratiam
804 1723 888 1781 Mon.
905 1723 935 1782 S.
948 1725 1095 1786 Teuderii.
1179 1717 1257 1786 ibid.

160 1822 341 1901 Praeceptum
355 1822 510 1880 Lunovrcr
526 1821 615 1900 Regis
629 1821 808 1900 Burgundiae
830 1820 861 1878 in
880 1822 1002 1900 gratiam
1018 1824 1148 1900 ejusdem

200 1920 382 1979 Monasterii.
1191 1923 1250 1998 367

161 2016 342 2095 Praeceptum
358 2017 476 2075 Canem
493 2018 658 2076 Simenrors
675 2018 852 2078 Francorum
867 2018 957 2098 Regis
977 2018 1009 2076 in
1028 2017 1149 2096 gratiam

172 2109 173 2112 '
201 2113 284 2171 Mon.
300 2114 331 2171 S.
343 2112 452 2172 Auiani
465 2114 496 2171 in
511 2114 636 2173 Dioecesi
653 2115 846 2175 Narbonensi.
1181 2116 1252 2176 ibid.

161 2210 294 2290 Epistola
317 2211 464 2285 cujusdam
490 2211 610 2269 abbatia
631 2213 804 2270 Monasterii
831 2214 862 2272 S.
878 2213 1014 2273 Germani
1038 2214 1075 2272 ad
1095 2213 1152 2272 Vi·

201 2307 305 2367 donem
320 2308 498 2387 Episcopum
514 2308 738 2376 Virdunensem,
754 2310 790 2369 de
805 2311 965 2390 Hungaris.
1193 2312 1253 2387 368

161 2398 300 2486 Ejusdem
313 2405 369 2465 alia
380 2405 523 2484 Epistola,
536 2426 586 2464 cur
600 2405 738 2465 Ecclesiae
752 2407 783 2464 in
797 2408 963 2467 memoriam
978 2407 1150 2467 Sanctorum

200 2503 316 2563 Veteris
331 2503 512 2561 Testamenti
525 2523 583 2560 non
599 2502 777 2562 dedicentur.
1192 2523 1263 2581 370··

161 2596 378 2660 Gurnnnnmus
404 2599 475 2657 Dux
500 2598 668 2676 Aquitaniae
693 2600 832 2671 decernit,
853 2612 888 2660 ut
907 2621 1006 2660 mensa
1026 2602 1152 2661 Canoni-

201 2721 300 2760 corum
315 2699 530 2757 Brivatensium
545 2698 640 2756 ablata
654 2700 856 2759 restituantur.
1182 2698 1252 2757 ibid.

158 2799 382 2858 Testamentum
405 2795 553 2854 Hnarvur
577 2795 717 2874 Episcopi
739 2794 895 2865 Eduensis‚
919 2816 977 2873 quo
997 2797 1073 2855 bona
1093 2816 1152 2854 non

201 2915 293 2974 pauca
307 2891 445 2951 Ecclesiae
459 2912 518 2949 suae
532 2893 654 2950 confert.
1194 2910 1258 2969 371·

162 2991 310 3051 Fundatio
324 2987 448 3068 Capellae
464 2988 494 3046 S.
504 2988 625 3046 Juliano
640 2989 749 3048 dicatae.
1195 3006 1257 3064 372

163 3091 344 3167 Praeceptum
361 3087 507 3144 Hucorus
522 3086 615 3144 Italiae
630 3086 720 3165 Regis
735 3098 764 3146 et
776 3088 897 3146 Comitis
911 3088 1080 3157 Provincia,
1094 3106 1163 3164 quo·

203 3185 410 3244 confirmantur
423 3203 487 3260 quae
502 3183 682 3242 Monasterio
697 3184 728 3242 S.
742 3185 879 3243 Teuderii
893 3185 996 3245 collata
1010 3196 1087 3245 sunt.
1182 3184 1255 3244 ibid.

163 3285 283 3345 Laoms
298 3282 393 3339 ΡΜ
408 3281 482 3340 VII.
498 3281 632 3359 Epistola
651 3281 687 3340 ad
702 3282 860 3369 Hugonem
876 3283 1052 3342 Francorum
1069 3282 1154 3340 Prin·
1214 3351 1215 3355 7

203 3383 305 3460 cipem,
321 3400 353 3439 ac
369 3379 398 3437 S.
408 3380 530 3437 Martini
545 3379 722 3437 Turonensis
736 3377 890 3438 Abbatem.
1196 3395 1254 3456 373

164 3477 360 3536 Seuerianus
379 3476 577 3535 Arvernorum
598 3476 762 3556 Episcopus
782 3475 963 3535 Liziniacum
985 3476 1074 3535 donat
1095 3476 1154 3534 Ec-

204 3575 297 3634 alesia
311 3575 343 3632 S.
355 3575 375 3632 J
377 3574 467 3632 uliani
481 3573 670 3633 Brivatensis.
1197 3588 1267 3656 373

164 3670 280 3731 Electio
301 3672 333 3733 S.
349 3671 453 3730 Maioli
476 3672 508 3728 in
530 3668 674 3730 Abbatem
691 3670 918 3740 cluniacensem,
933 3671 1049 3729 vivente
1071 3670 1154 3750 Hay-

205 3769 305 3828 mardo
319 3770 438 3829 Abbate.
1198 3787 1259 3846 374

165 3858 336 3925 Consanus
368 3864 546 3944 Burgundios
575 3865 641 3924 Rex
669 3864 883 3923 Monasterium
911 3863 1037 3923 Grandis
1061 3863 1158 3922 Vallis

205 3964 355 4022 instaurat.
1199 3977 1261 4038 375

166 4059 325 4119 Lornnnu
340 4061 518 4120 Francorum
536 4061 625 4139 Regis
645 4061 837 4139 Praeceptum,
852 4060 883 4118 in
905 4060 1026 4139 gratiam
1050 4060 1156 4118 Mona-
1225 4101 1227 4105 ν

207 4157 287 4214 sterii
302 4157 357 4215 SS.
370 4157 524 4216 Michaelis
538 4168 625 4236 atque
640 4158 787 4216 Germani.
1189 4156 1259 4216 ibid

168 4244 276 4310 Duello
293 4254 431 4331 probatur
446 4253 605 4314 Ecclesiam
626 4254 658 4313 S.
670 4255 821 4315 Saturnini
836 4255 1017 4314 Monasterio
1036 4252 1157 4315 Bellilo-

186 4419 189 4424 ,
207 4355 284 4412 censi
299 4355 419 4414 attribui
433 4355 546 4415 debere.
1201 4353 1260 4430 376
