2790 4958
255 316 298 379 42
611 313 760 381 Doclcrii
780 313 984 402 Spioilcpium.

255 507 397 568 collectio
411 508 543 587 Antiqua
553 509 705 567 canonum
721 508 983 569 Poenitentinlium.

254 606 488 665 Cnnonnosncr
502 605 641 685 Episcopi
655 605 808 673 Metensis,
824 605 938 685 Regula
951 603 1175 664 canonicorum.

254 703 428 763 Anrnonrs
442 703 582 783 Episcopi
596 702 772 762 Basileensis
786 702 963 782 Capitulsre.

255 799 375 858 Statnta
382 798 515 877 Antiqua
528 797 664 858 Abbatioe
679 797 710 857 S.
722 799 805 859 Petri
819 798 1003 858 corbeiensis
1016 798 1052 857 ab
1065 797 1245 856 Annnnnuo

294 895 410 956 Abbate
425 896 551 976 Scripta.

254 993 443 1073 Privilegium
466 993 497 1051 in
518 993 649 1052 Concilio
672 993 843 1064 Senonensi,
865 992 1031 1072 presidente
1048 990 1170 1051 Aldrioo
1190 990 1244 1049 Se·

293 1090 415 1150 nonensi
429 1088 655 1169 Archiepisoopo
675 1110 851 1158 concessum,
866 1090 903 1149 de
924 1088 1052 1149 Abbatia
1073 1088 1106 1148 S.
1116 1086 1243 1166 Remigii

295 1187 470 1247 Senonensis
484 1186 520 1245 nd
534 1186 678 1246 Varellias
692 1186 902 1246 transferenda.
1286 1199 1345 1261 593

254 1285 408 1344 Lunovrcr
430 1284 484 1341 P11
503 1284 690 1363 Imperatoris
715 1283 862 1364 Diploma,
876 1304 935 1363 qno
960 1283 1103 1364 Superius
1121 1280 1245 1341 Privile-

293 1382 374 1462 gium
387 1381 548 1440 confirmat.
1187 1428 1190 1432 .

254 1479 336 1539 ldem
364 1478 514 1538 confirmat
533 1477 676 1538 Wnnrno
702 1477 947 1558 Archiepisoopus
974 1479 1005 1536 in
1033 1477 1165 1539 concilio
1189 1477 1241 1538 Se·

293 1575 425 1635 nonensi.
1286 1591 1343 1653 595

254 1672 404 1752 Responsa
417 1671 553 1731 Nrconnr
574 1672 669 1731 Pnrun
690 1671 716 1730 1.
741 1670 776 1731 ad
801 1673 934 1732 consulta
952 1671 1075 1731 Arduici
1089 1670 1243 1751 Arcbiepi.

292 1770 372 1849 scopi
386 1769 636 1829 vesuntionensis.
1286 1770 1346 1846 596

253 1867 357 1925 Fuonr
372 1866 515 1927 collectio
529 1867 643 1946 Legum
656 1878 686 1926 et
701 1868 862 1926 Canonum.
1286 1881 1344 1944 597

253 1963 417 2023 Concilium
432 1964 649 2032 Suessionense,
664 1965 767 2042 inquo
781 1963 981 2023 confirmatum
995 1975 1040 2024 est
1051 1962 1243 2042 Privilegium

294 2060 474 2119 Monasterio
498 2060 529 2120 S.
546 2061 682 2142 Dionysii
706 2081 872 2120 concessum
895 2082 912 2119 a
936 2062 973 2119 B.
987 2060 1149 2120 Landerico
1170 2058 1244 2136 Epi-

294 2176 381 2236 scopo
396 2155 560 2215 Parisiensi.
1286 2170 1345 2232 599

254 2254 423 2313 Conventus
451 2251 601 2321 Pistensis‚
628 2253 659 2311 in
690 2273 750 2331 quo
776 2253 851 2312 bona
878 2252 1014 2312 Abbatiae
1046 2251 1078 2311 S.
1106 2250 1244 2310 Germani

294 2348 544 2409 Autisiodorensis
557 2349 774 2409 confirmantur.
1285 2349 1345 2408 600

255 2448 391 2531 Synodns
405 2447 591 2515 Viennensis,
616 2448 646 2505 in
671 2467 729 2525 qno
754 2446 882 2507 Proeside
902 2446 1072 2506 Alexandro
1091 2444 1245 2523 Archiepi·

294 2569 381 2628 scopo
393 2545 430 2605 lis
444 2546 521 2605 inter
534 2545 608 2605 duos
622 2545 753 2605 Abbates
767 2544 861 2624 sopita
875 2555 930 2605 est.

253 2644 416 2704 Concilium
431 2643 596 2702 Romanum
611 2643 790 2702 Praesidente
805 2642 947 2721 Gregorio
962 2642 1043 2720 Papa
1056 2641 1097 2700 V.

254 2745 344 2802 Gesta
357 2739 469 2821 Synodi
482 2739 701 2799 Aurelianensis
714 2759 790 2798 anno
804 2739 869 2798 circ.
885 2757 994 2798 rrxvu.
1008 2739 1168 2798 celebratae.
1284 2738 1345 2812 604

255 2838 391 2922 Synodus
404 2836 607 2896 Atrebatensis
621 2857 638 2894 a
652 2835 783 2896 cerardo
798 2835 998 2895 cameracensi
1012 2846 1043 2895 et
1055 2834 1244 2894 Atrebatensi

294 2935 442 3015 Episcopo
455 2933 606 2994 celebrate.
1282 2934 1342 3007 607

254 3032 416 3095 Concilium
444 3031 603 3099 Auscense‚
632 3029 810 3089 Presidents
835 3029 964 3109 Hugone
991 3028 1139 3088 cardinali
1165 3048 1243 3088 auno

253 3149 510 3306 coddiddidldpnd
523 3224 713 3285 Exoldunum
733 3224 802 3284 enni
815 3243 956 3284 unxxxr.
971 3224 1098 3284 Praeside
1113 3225 1242 3307 Hugone
1283 3130 1341 3204 62⁵

293 3325 407 3396 Diensi,
422 3323 460 3382 A.
468 3322 499 3382 S.
514 3323 636 3401 Legato.
1274 3321 1343 3383 ibid.

253 3421 415 3483 Concilium
438 3419 669 3498 Compendiense
692 3419 760 3478 anni
782 3436 930 3479 unxxxv.
953 3418 984 3478 in
1007 3439 1066 3497 quo
1081 3418 1242 3479 Ecclesiam

293 3521 347 3581 SS.
362 3519 436 3578 Acei
456 3530 487 3578 et
507 3516 630 3577 Acheoli
645 3517 799 3577 canonicis
822 3517 936 3576 confert
957 3517 1064 3577 Rorico
1078 3518 1243 3598 Episcopus

292 3615 507 3677 Ambianensis.
1282 3616 1343 3675 626

252 3716 289 3774 In
303 3714 403 3775 eodem
419 3711 576 3789 Privilegia
589 3711 729 3771 Ecclesioe
750 3711 805 3771 SS.
820 3711 948 3772 cornelii
969 3723 1000 3772 et
1014 3713 1152 3793 cypriani
1173 3733 1241 3773 oon·

292 3813 443 3871 firmantur
456 3831 473 3869 a
487 3810 626 3890 Philippo
639 3811 666 3868 1.
681 3811 859 3869 Francorum
874 3809 966 3888 Rege.
1282 3813 1340 3888 627

252 3909 415 3969 Concilium
440 3906 602 3966 Parisiense
628 3905 710 3965 Anni
731 3924 838 3965 uxcn.
867 3906 898 3964 in
925 3927 983 3985 quo
1010 3907 1085 3966 bonu
1111 3907 1240 3985 ejusdem

292 4005 431 4065 Ecclesioe
444 4003 660 4063 confirmantur.
1269 4006 1341 4067 ibid.

252 4104 377 4162 Decreta
388 4100 499 4160 Urbani
510 4101 598 4180 Papae
607 4100 651 4160 11.
661 4101 693 4159 in
708 4101 839 4161 Concilio
850 4101 1044 4162 Nemausensi
1058 4103 1126 4161 anni
1137 4121 1251 4163 uxcvr.
1282 4105 1343 4164 628

251 4202 288 4260 In
301 4198 403 4259 eodem
417 4196 549 4255 concilio
569 4208 675 4257 terram
691 4197 723 4256 S.
732 4196 844 4277 AEgidii
867 4199 899 4256 in
911 4198 999 4258 Valle
1014 4199 1153 4259 Flaviana
1167 4199 1240 4260 odi-

290 4295 350 4354 loni
364 4293 473 4352 Abbati
489 4292 577 4352 donat
593 4294 776 4353 Raimundus
791 4295 895 4354 Comes
905 4294 1076 4354 Tolosanus.
1282 4299 1343 4375 629

251 4396 325 4454 Eam
340 4389 536 4450 Donationem
550 4390 700 4450 confirmat
715 4390 851 4451 Urbanus
866 4391 946 4471 Papa
961 4391 1004 4452 11.
1275 4396 1338 4471 630

1287 1396 1348 1458 594
