2790 4958
250 287 323 349 ree
429 285 602 353 ursaceus
624 287 760 351 vem
775 287 850 351 ΡΡ.
866 287 1049 352 nouem
1064 285 1226 372 monn.

325 460 459 531 Brixiae
494 483 540 530 ex
570 459 816 554 Typogmphia
844 459 993 530 Joennis
1028 459 1157 532 Meriae
1188 459 1352 530 Riznardi

231 634 237 647 ,
325 595 589 646 uncoxxxmu.
634 575 862 669 Superiorum
887 574 1067 647 facultate.
1117 576 1160 645 In
1181 574 1278 645 folio.

293 769 410 834 Editor
429 770 524 854 hujus
545 768 747 834 (lollectionis
763 771 914 834 Veterum
937 770 1168 856 Episcoporum
1189 769 1351 835 Brixinnae

250 871 391 936 ecclesiae
411 878 482 936 erat
497 872 618 936 Paulus
635 872 822 949 Gelesrdus,
833 871 1010 937 Oenonicus
1021 872 1202 937 Brixiunus.
1229 872 1352 936 S.Pn1-

250 995 367 1036 meren
384 972 481 1037 Liber
495 973 535 1038 de
550 973 747 1053 Haeresibus‚
760 974 979 1038 S.Gnunnur11
994 975 1172 1053 Sermones,
1183 973 1352 1037 Rumonem

251 1074 363 1139 Sermo
395 1075 435 1138 de
461 1075 683 1141 Translntione
712 1076 800 1142 beati
829 1076 1004 1154 Philostrii,
1030 1083 1128 1161 atque
1153 1077 1355 1139 Anneianum

251 1175 398 1262 Epistola
424 1177 466 1240 ed
492 1177 720 1264 Berengerium
745 1186 778 1243 et
800 1177 956 1263 Rhythmi
979 1177 1184 1264 Alphnbctiei
1209 1179 1250 1242 cle
1265 1179 1351 1242 Viris

250 1278 425 1342 illustribus
444 1277 493 1342 sui
511 1279 673 1365 temporis,
691 1279 928 1365 speciosissimis
945 1279 1031 1366 typis
1048 1279 1202 1366 impressi,
1218 1279 1350 1345 editoris

250 1387 284 1444 et
299 1379 458 1445 variorum
472 1380 558 1446 notis
572 1381 864 1467 prolegomenisque
878 1381 1088 1447 illustrantur.

733 1650 865 1722 XXII.

293 1821 375 1887 Dure
395 1821 617 1899 collectiones,
632 1845 704 1906 quae
723 1823 884 1908 Opuseuln
903 1823 1102 1908 quorundam
1117 1823 1271 1887 Veterum
1289 1825 1348 1888 Pe

249 1931 336 1990 trum
349 1925 538 1991 latinorum
552 1926 712 2003 exhibent,
726 1947 747 1990 e
757 1924 925 1990 Oanonicis
939 1925 1130 2010 quibusdam
1138 1924 1349 2010 Regnlmribus

251 2031 394 2114 (Joenne
417 2028 645 2112 Omysostomo
666 2027 839 2092 'l'rombelli
862 2026 991 2106 scilicet,
1013 2033 1047 2091 ct
1067 2026 1092 2090 J
1093 2049 1195 2091 ocnne
1217 2026 1349 2112 Aloysio

251 2130 459 2216 Mingerelli)
475 2131 508 2194 in
527 2131 630 2194 lucem
648 2130 752 2208 editae,
767 2129 819 2194 hic
840 2130 945 2194 locum
965 2129 1024 2194 sibi
1038 2129 1210 2194 vindicent.
1256 2128 1350 2192 Prior

250 2234 311 2297 hoo
325 2232 422 2297 titulo
436 2233 636 2297 inscribitur:

250 2409 426 2503 Cypriani,
445 2410 583 2494 Hilarii,
602 2411 821 2502 aliorumque
839 2410 1015 2482 Veterum
1038 2410 1185 2480 Petrum
1204 2410 1350 2480 Latino-

324 2549 403 2595 rum
430 2525 611 2619 Opusoula
639 2550 662 2598 a
686 2525 873 2597 Canoniois
899 2525 1134 2620 Regularibus
1164 2524 1201 2595 S.
1228 2523 1351 2595 Salve-

325 2643 410 2711 toris
428 2665 522 2711 nuno
539 2643 692 2734 primum
711 2641 828 2711 Edita.
860 2642 1038 2724 Bononiae‚
1056 2660 1204 2713 nucem.
1238 2638 1350 2733 Apud

326 2755 586 2849 Hieronymum
612 2756 819 2839 Corciolani,
846 2765 884 2827 et
910 2756 959 2826 H.
978 2756 1027 2827 H.
1046 2755 1137 2827 (lolli
1166 2778 1212 2826 ex
1235 2755 1351 2848 Typo·

325 2872 471 2965 graphia
509 2872 545 2943 S.
573 2873 716 2944 Thomu?
751 2871 952 2964 Aquinatis.
1008 2871 1237 2964 Superiorem
1271 2894 1351 2963 per-

324 2989 445 3058 missu.
498 2988 542 3058 In
565 2993 639 3058 tto.

316 3225 420 3288 Index
435 3224 687 3309 Opuseulornms
704 3245 776 3309 quae
790 3223 824 3288 in
838 3224 899 3287 hoo
914 3222 1071 3288 volumine
1085 3223 1282 3308 evulgnntnr.

250 3362 289 3419 D.
303 3363 456 3418 Crrnrsnr
470 3362 635 3420 exhortatio
649 3362 686 3420 ad
699 3362 909 3441 poenitentiam.
1244 3362 1317 3440 Pag.
1330 3381 1346 3435 3

250 3460 289 3516 D.
308 3460 436 3517 llrnsen
452 3460 644 3518 Pictaviensis
657 3460 789 3538 epistola,
804 3480 856 3518 seu
871 3457 996 3517 libellus.
1310 3460 1349 3533 38

250 3557 296 3617 De
311 3556 504 3615 Dedicatione
519 3555 661 3614 Ecclesioe
675 3557 777 3615 Sermo
792 3556 881 3614 eidem
895 3556 1032 3612 Hrrsmo
1045 3555 1183 3613 tributus.
1292 3574 1327 3630 17
1330 3573 1346 3631 5

250 3652 436 3725 Questimses
448 3653 479 3711 in
495 3653 636 3712 Hebacuc
649 3652 821 3732 prophetem
835 3654 875 3711 D.
886 3654 1079 3713 Hunnouruo
1093 3651 1220 3710 tribute.
1291 3653 1349 3729 189

250 3749 297 3806 De
311 3749 331 3806 J
333 3749 438 3826 ejuniis
453 3749 630 3828 disputatio,
1291 3768 1347 3824 192

249 3845 394 3904 Chronica
407 3847 557 3904 succincte
572 3845 717 3924 descripte
731 3845 767 3903 de
781 3865 870 3922 regno
886 3845 1088 3903 Hebraeorum.
1290 3865 1346 3922 193

249 3942 350 4000 Sermo
365 3942 396 3999 in
410 3941 458 4000 die
473 3942 630 4002 Dominics
645 3942 764 4001 Paschae
778 3943 817 3999 D.
829 3943 1021 4000 Hmnouuuo
1035 3942 1174 4001 tributus.
1291 3963 1328 4019 19
1331 3962 1346 4020 5

281 4195 297 4233 ε
309 4185 406 4234 Paulini
423 4185 518 4236 libellus
533 4188 563 4234 de
576 4187 781 4236 benedictionibus
813 4185 928 4250 opuscula
941 4201 955 4233 a
966 4185 1007 4234 Jo.
1016 4185 1188 4251 Chryrostomo
1199 4185 1349 4237 'l'rombslllc

249 4249 446 4300 Petriarehcmm
463 4250 504 4314 (ut
518 4252 630 4300 Editores
646 4251 750 4316 dicunt)
767 4267 783 4299 s
813 4252 935 4300 illustrate
945 4258 1011 4300 sunt.

247 4315 289 4363 Jo.
308 4315 409 4380 Aloysio
431 4317 594 4380 Mingarellio,
619 4327 698 4366 cetera
725 4332 782 4364 vero
