2790 4958
410 295 561 371 Decimii
582 294 786 392 Spioibpsaon.

54 528 202 588 Humum
216 529 273 588 IV.
292 529 480 608 Imperatoris
500 529 642 609 Epistolae
663 540 722 588 tres
745 528 782 587 ad
803 529 961 606 Hugoncm
982 527 1046 588 Ab·

95 626 190 685 batem
207 625 435 684 cluniacensem.
1087 643 1144 699 441

53 722 196 801 Anonymi
209 720 344 801 Epistola
357 720 394 779 ad
407 721 540 781 cumdem
555 722 722 800 Hugonem.
1084 737 1145 794 445

53 817 203 877 Hastam
218 818 405 897 Imperatoris
420 819 553 897 Epistola
566 818 602 876 ad
616 818 748 877 eumdem
764 817 932 895 Hugonem.
1074 815 1144 874 ibid.

54 915 205 976 Hunorus
231 914 361 992 ejusdem
389 915 524 995 Epistola
550 915 586 974 ad
616 915 785 995 Philippum
810 915 836 973 1.
867 915 1044 973 Francorum

96 1011 216 1090 Regem.
1076 1009 1146 1069 ibid.

54 1109 232 1168 Psscnams
256 1109 352 1167 Pras
377 1110 420 1170 11.
446 1110 581 1188 Epistola
608 1109 644 1168 de
671 1110 831 1188 Legatione
859 1109 889 1167 S.
913 1108 952 1167 A.
981 1107 1047 1166 data

95 1206 221 1265 Girardo
235 1206 449 1284 Engolismensi
464 1207 620 1286 Episcopo.
806 1274 809 1280 ³
1086 1222 1148 1279 444

54 1303 252 1361 Rmumnss
275 1303 311 1363 de
332 1305 441 1370 Banzd.
470 1315 500 1363 ct
527 1304 679 1365 Assorus
707 1326 781 1364 uxor
808 1305 880 1382 ejus,
908 1303 1047 1362 nonnulla
1076 1293 1079 1298 ’

96 1399 216 1468 donant,
232 1421 265 1460 ac
278 1400 372 1459 filium
386 1402 514 1461 offerunt
528 1401 667 1460 Ecclesia
681 1403 859 1462 Caturcensi.
1076 1400 1147 1459 ibid.

55 1496 276 1555 Testamentum
293 1496 471 1555 Humanam
487 1497 671 1556 Gonnum.
1075 1496 1145 1555 ibid.

55 1593 247 1652 Tflnonanor
272 1593 453 1672 Stampensis
477 1594 611 1674 Epistola
635 1595 672 1653 ad
696 1595 874 1675 Episcopum
898 1594 1046 1653 Lincolni·

95 1712 204 1751 ensem.
1087 1708 1144 1766 445

54 1788 193 1868 Ejusdem
206 1789 341 1868 Epistola
353 1788 391 1847 ad
405 1790 567 1848 Pharitium
585 1788 848 1848 Habendonensem
863 1787 1017 1848 Abbatem.
1087 1803 1146 1862 447

55 1883 196 1964 Ejusdem
210 1885 345 1964 Epistola
359 1885 395 1943 ad
409 1885 604 1964 Margaretam
620 1885 771 1964 Reginam.
1075 1882 1145 1943 ibid.

55 1980 195 2060 Ejusdem
210 1981 344 2061 Epistola
358 1982 394 2041 ad
408 1982 580 2063 Philippum
594 1983 727 2041 amicum.
1076 1980 1145 2040 ibid.

56 2078 190 2157 Ejusdem
205 2078 338 2157 Epistola
352 2079 388 2138 ad
402 2078 587 2138 Rosoelinum
603 2079 860 2158 Compendienscm
876 2080 1029 2139 Clericum.
1087 2079 1147 2153 448

55 2175 195 2239 Hasn1c1
211 2176 408 2235 Romanorum
423 2177 514 2256 Regis
528 2178 663 2258 Epistola
683 2178 720 2237 ad
741 2180 902 2238 Monachos
917 2179 1036 2237 Clunia-

96 2293 203 2333 censes.
1087 2292 1148 2351 449

56 2420 249 2485 Hmosnsnm
272 2421 515 2488 Cenomanensis
540 2420 690 2508 Episcopi
715 2442 753 2485 ao
776 2421 888 2485 deinde
909 2420 1148 2508 Archiepiscopi

415 2525 605 2589 Turonensis
626 2524 789 2610 Epistolae.

56 2679 192 2758 Epistola
207 2679 230 2736 l.
245 2679 282 2738 ad
296 2679 486 2739 Guillelmum
501 2679 746 2738 Wincestrensem
761 2678 949 2758 Episcopum.
1087 2696 1147 2754 450

56 2777 99 2835 II.
114 2776 176 2835 Ill.
191 2776 248 2835 IV.
263 2779 299 2834 V.
315 2776 370 2835 VI.
384 2777 458 2835 Vll.
473 2777 510 2836 ad
524 2777 652 2835 Amicos.
960 2774 1029 2834 ibid.
1044 2785 1074 2833 et
1088 2794 1146 2852 seq.

55 2872 147 2933 VIII.
161 2873 198 2932 ad
213 2873 378 2932 Honorium
394 2874 512 2953 Papam.
1086 2891 1145 2948 453

56 2970 113 3029 IX.
128 2971 165 3029 ad
178 2972 368 3051 Episcopum,
382 2971 432 3048 qui
447 2969 574 3029 sandalia
588 2970 713 3028 miserat.
1077 2970 1147 3029 ibid.

55 3069 98 3129 X.
112 3067 149 3127 ad
165 3068 343 3146 Episcopum
358 3067 521 3145 quemdam.
1076 3067 1146 3126 ibid.

56 3165 114 3223 XI.
129 3165 165 3223 ad
179 3165 340 3224 Henricum
356 3164 519 3244 Anglorum
534 3164 654 3243 Regem.
1087 3181 1147 3242 454

56 3261 131 3319 XII.
146 3261 238 3320 XIII.
253 3262 341 3323 XIV.
357 3262 428 3321 XV.
443 3262 530 3321 XVI.
546 3262 651 3322 XVII.
666 3262 703 3321 ad
718 3262 853 3321 diversos.
956 3263 1027 3322 ibid.
1042 3273 1071 3321 et
1085 3283 1146 3339 seq.

56 3358 180 3417 XVIII.
193 3359 281 3418 XIX.
291 3360 364 3419 XX.
376 3359 465 3418 XXI.
480 3359 517 3419 ad
531 3360 733 3418 Innocentium
749 3360 857 3439 Papam
873 3360 915 3419 11.
968 3377 1027 3438 455
1043 3370 1145 3437 etseq.

56 3455 165 3514 XXII.
180 3455 215 3514 ad
230 3457 362 3515 amicum.
1086 3459 1147 3533 456

54 3551 175 3610 ΧΧΙΙΙ.
188 3551 227 3611 ad
240 3553 400 3612 Ranulfum
415 3553 641 3612 Dunelmensem
657 3553 844 3632 Episcopum.
1076 3555 1146 3614 ibid.

55 3647 173 3706 XXIV.
188 3648 225 3707 ad
238 3649 379 3728 Algarum
395 3651 524 3710 Priorem
540 3651 573 3711 S.
585 3652 749 3710 Cuthberti.
1084 3668 1144 3729 457

56 3745 232 3805 Societatem
255 3767 321 3806 cum
343 3748 497 3806 Monachis
511 3749 749 3806 cluniacensibus
769 3749 872 3806 ineunt
886 3749 1046 3828 Episcopus

95 3851 121 3901 et
139 3843 276 3904 Cononici
291 3845 428 3905 Ecclesiae
442 3845 670 3904 Aurelianensis.
1074 3847 1145 3905 ibid.

55 3940 178 3999 Pactum
193 3941 297 3999 initum
312 3942 388 4001 iuter
403 3941 593 4001 Guillclmum
608 3941 864 4020 Montispessulani
876 3941 1044 4008 Dominum,

95 4046 125 4095 ot
138 4037 333 4097 Bertrandum
349 4039 385 4098 de
398 4039 532 4098 Andusia
544 4059 598 4119 pro
612 4038 739 4098 ineundo
753 4038 936 4097 matrimonio
949 4038 1003 4096 tilii
1016 4050 1046 4098 et
1126 4072 1135 4083 ··

95 4131 162 4191 filia
176 4133 313 4213 ipsorum.
1077 4137 1145 4195 ibid.

54 4228 177 4288 Hamas
206 4231 430 4291 Cenomanensis
457 4232 561 4292 Comes
587 4231 727 4290 nonnulla
754 4232 842 4291 donat
868 4233 1046 4292 Monasterio

97 4325 128 4384 S.
140 4326 221 4386 Petri
237 4327 273 4386 de
287 4327 419 4387 Cultura.
1086 4351 1145 4408 459
