2790 4958
232 302 374 366 Manem
393 310 420 366 ot
441 301 582 364 Daraad
601 300 801 385 Amplissimc
825 299 970 365 aaaron

99 553 232 624 toribus;
247 554 284 613 de
297 554 469 631 qmbusdam
480 573 597 631 quoque
610 554 786 623 heresibus3
807 552 858 611 sed
872 563 903 612 et
916 552 954 611 de
967 551 1055 610 schis-

99 649 229 708 matibus
242 669 307 728 quar
320 651 351 706 in
367 651 499 709 Romana
512 650 581 709 sede
594 651 790 728 contigenmt.

57 745 153 804 Gesta
166 757 278 824 septem
291 747 429 805 abbatum
444 747 634 806 Beocensium
648 746 768 805 metrice
781 767 799 804 a
812 747 913 804 Parao
927 747 1058 803 Drvnusr

102 842 275 920 conscripta.
1121 859 1159 917 93

62 939 199 997 Historia
212 939 308 998 brevis
322 939 451 1017 priorum
466 939 783 998 Grandimontensium.
1105 956 1160 1013 113

63 1035 200 1093 Historia
213 1035 355 1113 prolixior
367 1036 497 1115 priorum
512 1036 830 1094 Grandimontensinm.
1105 1053 1160 1110 223

62 1131 169 1189 Brevis
182 1131 305 1190 historia
317 1131 428 1190 ordinis
441 1131 635 1190 cartusiensis
649 1142 767 1190 auctore
780 1152 927 1211 anonymo.
1105 1151 1115 1188 r
1122 1148 1161 1208 50

60 1228 188 1306 Insignis
202 1228 369 1288 monasterii
384 1228 416 1286 S.
425 1229 553 1287 Victoris
568 1228 739 1287 Parisiensis
755 1240 854 1287 vetera
870 1238 1060 1287 monumenta

102 1323 253 1382 nonnulla
1102 1343 1159 1402 217

61 1421 202 1499 Diploma
212 1421 362 1478 Lunovrcr
378 1422 432 1480 VI.
447 1422 525 1500 regis
537 1442 592 1501 pro
606 1421 637 1481 S.
649 1422 778 1480 Victore.
1090 1422 1160 1481 ibid.

61 1516 152 1575 Bulla
166 1518 335 1575 Pascnams
350 1518 436 1575 Para
450 1519 490 1575 II.
504 1538 559 1597 pro
573 1518 745 1577 S.Vict0re.
1103 1538 1161 1596 219

61 1614 184 1672 Litterae
193 1613 352 1672 Surenam
362 1613 490 1693 episcopi
503 1613 674 1673 Parisiensis
688 1613 725 1671 ad
735 1633 803 1672 suos
813 1613 1085 1694 archipresbyteros.
1103 1635 1161 1673 220

62 1709 258 1789 Epitaphium
272 1708 348 1767 Adae
363 1709 396 1768 S.
405 1709 536 1769 Victoris
549 1709 689 1768 canonici.
1103 1729 1157 1770 222

62 1805 204 1884 Diploma
227 1807 363 1864 Hnuarcr
395 1806 495 1864 fratris
521 1806 665 1864 Ludovici
693 1806 769 1884 regis
795 1827 850 1886 pro
877 1808 1052 1866 monasterio

106 1901 137 1961 S.
148 1902 285 1961 Victoris.
1102 1923 1158 1963 222

63 1998 205 2077 Diploma
218 2000 450 2057 Basrnonorrnr
465 1999 566 2058 decani
584 1998 711 2058 eeclesia
732 1998 904 2058 Parisiensis
923 2020 977 2079 pro
997 2019 1059 2057 mo·

104 2096 231 2154 nasterio
245 2096 277 2155 S.
289 2096 427 2154 Victoris.
1103 2116 1158 2173 223

63 2190 204 2269 Diploma
222 2192 343 2250 Onours
364 2191 469 2270 prioris
493 2190 525 2250 S.
541 2191 665 2250 Martini
687 2212 705 2250 a
726 2191 844 2271 Campis
867 2212 920 2270 pro
941 2191 1061 2252 eeclesia

104 2287 137 2345 S.
150 2287 290 2346 Victoris.
1103 2308 1138 2348 22
1141 2306 1158 2367 3

61 2383 228 2442 Conventio
241 2383 319 2441 inter
332 2385 488 2443 monachos
502 2383 534 2443 S.
546 2385 669 2443 Martini
683 2395 713 2443 et
727 2385 880 2444 eanonicus
894 2384 925 2444 S.
931 2385 1061 2445 Victoris

104 2499 193 2558 super
211 2479 384 2538 annualibus
407 2480 568 2559 praebendae
588 2500 676 2558 quam
700 2481 732 2538 in
753 2478 873 2539 ecclesia
894 2480 1060 2561 Stampensi

105 2577 241 2635 obtinent
254 2575 387 2634 monachi
400 2575 433 2633 S.
444 2577 580 2636 Martini.
1089 2578 1160 2637 ibid.

63 2675 174 2732 Charta
187 2676 324 2729 Amosrs
339 2692 377 2728 ns
391 2673 461 2730 Ans
474 2693 528 2751 pro
543 2672 712 2733 SVictore.
1102 2677 1161 2733 226

64 2769 202 2850 Epistola
214 2769 365 2826 Lunovrcr
379 2769 448 2826 VII.
463 2769 540 2848 regis
553 2769 591 2828 ad
605 2770 768 2829 Henricum
781 2771 902 2830 fratrem
916 2791 1011 2840 suum,
1021 2772 1075 2831 dre.
1104 2790 1159 2847 227

64 2864 201 2945 Epistola
215 2865 365 2922 Grnumur
386 2865 498 2924 abbatis
520 2864 553 2925 S.
563 2867 691 2925 Victoris
715 2866 752 2924 ad
774 2870 940 2947 episcopum
954 2868 1061 2928 Belua·

105 2982 229 3022 oensem.
1089 2966 1161 3025 ibid.

63 3058 205 3139 Diploma
232 3059 374 3116 Putarem
404 3059 503 3118 fratris
529 3059 674 3120 Ludorici
700 3061 777 3140 regis
802 3082 857 3141 pro
884 3063 1060 3122 monasterio

106 3157 138 3215 S.
153 3155 293 3214 Victoris.
1105 3160 1163 3219 228

63 3253 187 3312 Littera
201 3253 352 3310 Granum
367 3252 479 3312 abbatis
500 3252 532 3312 S.
546 3254 671 3313 Victoris
687 3254 725 3313 de
743 3253 863 3313 ecclesia
884 3255 917 3314 S.
929 3254 1011 3313 Petri
1025 3255 1062 3315 de

107 3348 394 3418 Monte-Letherieo,
409 3351 463 3408 &a
1105 3372 1164 3431 229

64 3443 203 3523 Epistola
229 3443 373 3500 Acunum
400 3444 513 3504 abbatis
541 3444 573 3504 S.
595 3445 724 3505 Victoris
759 3446 796 3505 ad
825 3447 988 3508 Henricum
1016 3451 1060 3507 11.

106 3539 271 3618 Anglorum
284 3559 393 3618 regem.
1105 3566 1163 3623 230

66 3637 203 3717 Epistola
215 3638 360 3695 Acunum
374 3638 485 3698 abbatis
499 3638 531 3697 S.
542 3639 672 3698 Victoris
685 3640 723 3699 ad
735 3640 775 3698 A.
787 3642 954 3721 episcopum
965 3644 1062 3702 Lexo-

106 3735 245 3792 viensem.
1104 3760 1119 3798 2
1123 3759 1158 3815 32

70 3832 100 3890 E
112 3831 202 3890 istola
216 3831 368 3888 Lunovrcr
384 3833 460 3909 regis
474 3830 512 3889 ad
525 3833 678 3890 canonicos
692 3832 723 3890 S.
734 3833 873 3892 Victoris.
1106 3855 1162 3912 232

64 3928 155 3988 Bulla
168 3929 350 3985 Auxanum
364 3929 422 3986 111.
436 3948 519 4006 papa
533 3928 570 3986 ad
583 3929 715 3986 abbatem
730 3928 767 3988 de
781 3929 1057 3990 Castro-Nantonis.
1091 3934 1163 3993 ibid.

65 4024 202 4105 Epistola
215 4026 362 4082 Hunorus
379 4023 532 4084 cardinalis
551 4023 589 4083 ad
603 4024 770 4084 (luidonem
790 4027 956 4105 episcopum
972 4028 1059 4088 Cata·

107 4121 285 4180 laurensem.
1107 4145 1163 4203 233

67 4216 204 4298 Epistola
216 4219 399 4275 Auxanum
415 4236 496 4274 esen
510 4218 566 4274 III.
586 4216 624 4276 ad
645 4217 676 4276 S.
688 4218 826 4277 Germani
846 4230 877 4278 et
896 4219 927 4279 S.
938 4222 1064 4281 Victoris

108 4314 237 4380 abbates,
252 4314 377 4395 priorem
390 4324 422 4371 et
435 4314 615 4392 subpriorem
630 4313 662 4372 S.
674 4314 812 4384 Victoris,
827 4327 915 4394 atque
929 4317 1063 4378 Odonem

109 4410 255 4487 quondam
269 4411 402 4471 abbatem
417 4410 448 4471 S.
459 4411 627 4471 Genorefae.
1093 4420 1162 4480 ibid.
