2790 4958
440 333 571 400 Bolaeii
583 342 613 399 a
625 333 736 398 Monoi
751 331 960 398 danuam.

147 591 233 648 XVI.
248 588 392 648 Definitio
404 598 506 647 eontra
518 585 657 662 injustam
671 583 1000 642 excommunicationem
1013 584 1046 640 in
1056 582 1148 642 Savo-

189 687 316 746 narolam
331 707 384 766 per
398 687 443 743 M.
460 685 633 741 Paonruurr
645 682 889 739 Bonasamson
900 681 1062 740 Lunensem
1073 683 1147 742 Ord.

189 782 341 842 Praedioat.
355 782 444 841 edita
1186 797 1245 858 593

146 880 290 960 Epistola
305 880 473 939 Historiae.
1188 895 1245 956 595

145 978 196 1035 Jo.
211 978 340 1036 Gaunsz
360 978 472 1035 Maura
493 976 564 1033 Dux
584 974 820 1041 Mediolanensis,
833 983 865 1031 et
881 973 1064 1032 Lunovrcus
1085 975 1148 1052 ejus

187 1085 310 1153 patruus
324 1073 495 1132 Alexandro
508 1072 568 1131 VI.
1177 1074 1248 1133 ibid.

145 1173 248 1230 Duces
262 1170 425 1230 Mediolani
439 1179 465 1228 et
480 1169 558 1228 Bari
571 1168 699 1228 Alfonso
712 1168 788 1246 Regi
802 1166 1010 1245 Neapolitano.
1177 1170 1248 1230 ibid.

144 1267 351 1326 Anemosa
364 1268 423 1327 VI.
438 1266 602 1326 Mediolani
616 1277 646 1324 et
662 1265 732 1323 Bari
746 1265 890 1323 Ducibus.
1188 1269 1248 1344 596

146 1365 214 1422 Rex
228 1365 401 1423 Annoresus
415 1364 549 1422 Ducibus
562 1362 728 1422 Mediolani
742 1372 773 1421 et
785 1361 865 1420 Bari.
1175 1365 1247 1425 ibid.

146 1460 319 1521 Fnanorscr
348 1464 498 1520 Cunnum
520 1460 694 1518 Narniensis
720 1460 824 1518 Oratio
851 1458 889 1516 ad
909 1459 1145 1517 Maximilianum

188 1560 328 1617 Caesarem
357 1558 528 1636 Angustum
555 1557 587 1613 in
614 1558 770 1614 conventu
791 1554 949 1614 Vindelico
976 1556 1145 1634 Principum

187 1655 325 1714 German.
351 1655 429 1713 dicta
449 1675 504 1733 pro
527 1654 679 1712 Libertate
706 1651 811 1722 Italia,
835 1653 896 1712 aive
920 1674 974 1732 pro
995 1654 1147 1712 Ludovico

188 1751 300 1810 Sfortia
312 1751 474 1810 Mediolani
488 1751 582 1809 Duoe.
1070 1768 1129 1826 597
1144 1762 1247 1830 etseq.

144 1848 368 1907 Maximilianus
383 1848 582 1906 Romanorum
604 1846 670 1905 Rex
692 1845 843 1905 Eriderico
868 1847 975 1906 Siciliae
989 1859 1019 1906 et
1034 1848 1145 1908 Hiera.

186 1945 276 2004 ulem
290 1945 375 2024 Resi-
1188 1962 1246 2023 597

143 2044 273 2102 loannes
293 2042 468 2101 Dominicus
488 2042 589 2100 blansi
607 2041 644 2101 de
667 2041 791 2120 geminis
812 2041 971 2120 Opuseulis
985 2043 1087 2101 Jacobi
1108 2043 1145 2102 de

186 2152 291 2199 natura
310 2161 418 2209 rerum,
432 2151 463 2198 et
478 2139 601 2199 Fretelli
622 2139 659 2198 de
679 2138 750 2198 locis
768 2151 853 2197 terrae
869 2140 1064 2199 Hierusalem.
1080 2141 1144 2200 Ad-

187 2239 309 2297 monitio
322 2238 360 2296 ad
372 2238 520 2296 Lectores.
1187 2239 1245 2296 602

145 2336 284 2416 Syllabas
297 2334 463 2393 Auctorum
477 2334 528 2411 qui
542 2333 682 2399 citantur,
696 2342 848 2399 notantur,
863 2332 1066 2400 emendantur,
1078 2333 1146 2393 illu.

186 2443 316 2492 strantur
328 2433 361 2490 in
374 2431 501 2490 notisad
514 2430 713 2490 lacendum.
1184 2435 1241 2508 603

241 2750 402 2816 Elenobus
415 2771 610 2834 eorumquae
623 2750 659 2813 in
673 2749 816 2814 Sncunoo
831 2748 923 2811 Touo
936 2748 1148 2812 continentur.

146 2914 288 2993 Epistolae
318 2914 384 2973 duae
412 2913 553 2972 Sunmrn
588 2912 713 2972 Snvnar
741 2912 907 2991 Presbyteri
936 2911 1079 2989 Aquitani
1106 2913 1145 2972 ad

187 3010 339 3070 Claudiam
353 3031 481 3070 sororem
494 3031 587 3070 suam.
1131 3011 1202 3090 Pag.
1219 3032 1244 3071 1.
1317 3022 1321 3027 '

146 3107 356 3184 Fragmentum
370 3109 571 3167 Tanononrrr
586 3106 623 3165 de
638 3107 794 3166 Trinitate.
1229 3127 1245 3186 7

144 3201 239 3262 Aliud
254 3206 378 3284 quadan
392 3216 493 3265 contra
507 3203 679 3263 Sabellium.
1173 3206 1245 3266 ibid.

143 3301 245 3360 Avrm
259 3301 399 3381 Episcopi
413 3301 590 3362 Viennensis
604 3300 747 3380 Epistola
760 3310 895 3377 quatuor.
1225 3324 1244 3380 9

142 3399 286 3477 Ejusdem
299 3400 463 3477 fragmenta
478 3398 546 3457 libri
558 3398 596 3457 de
610 3397 773 3456 Divinitate
788 3396 917 3475 Spiritus
931 3395 1040 3456 Sancti.
1208 3421 1243 3459 10

144 3496 322 3574 Fragmenta
334 3495 522 3575 epistolarum
536 3495 679 3553 Paunrrrr
695 3494 835 3573 Episcopi
849 3492 1057 3570 Aquilejensis.
1171 3498 1243 3556 ibid.

144 3592 177 3650 S.
194 3591 359 3651 Gnaeoarr
373 3593 462 3671 Papa
476 3591 606 3671 epistolae
619 3590 657 3649 ad
670 3591 808 3649 diversos.
1207 3614 1239 3653 11

144 3689 285 3768 Ejusdem
300 3688 434 3767 Epistola
447 3689 485 3747 ad
499 3690 620 3747 Petrum
637 3687 864 3747 Subdiaoonum.
1170 3691 1241 3749 ibid.

143 3784 336 3842 Rnonannm
351 3784 442 3863 Regis
456 3785 622 3843 Gothorum
637 3783 772 3863 Epistola
785 3783 822 3842 ad
838 3784 869 3843 S.
885 3785 1069 3862 Gregorium.
1205 3807 1240 3845 12

142 3883 308 3941 Lromram
321 3881 462 3961 Episcopi
476 3881 721 3959 Carthaginiensis
735 3880 858 3960 epistola
870 3880 908 3938 ad
923 3879 954 3938 S.
965 3881 1138 3960 Gregorium

185 3981 306 4059 Papam.
1208 4003 1216 4040 r
1222 4003 1238 4058 3

143 4081 173 4137 S.
197 4079 402 4135 Hrnnsnonsr
425 4074 565 4155 Episcopi
591 4073 727 4134 Toletani
749 4074 838 4133 Liber
861 4074 1081 4133 adnotationum
1103 4076 1140 4135 de

185 4173 298 4233 Ordine
313 4171 467 4251 Baptismi.
1205 4195 1238 4254 15

144 4271 284 4350 Ejusdem
305 4269 393 4327 Liber
417 4267 453 4326 de
477 4267 582 4326 itinere
603 4267 729 4337 Deserti,
744 4287 802 4345 quo
824 4267 955 4346 pergitur
974 4280 1040 4346 post
1063 4268 1138 4348 Bap·

183 4368 313 4427 tismum.
1203 4388 1242 4443 39

750 4480 774 4516 m
791 4479 807 4533 3
