2790 4958
247 291 291 357 94
434 288 575 353 Martem
594 298 621 354 a
642 291 781 355 Duroad
800 291 1002 376 Amplissimo
1025 289 1172 359 Oolhaeia

1284 460 1343 524 Pag.

248 535 383 614 Epistola
398 534 432 592 P.
444 534 474 592 S.
489 534 670 616 Chrysogoni
691 558 773 618 papa
793 539 933 617 capellani
949 541 986 600 ad
1000 542 1139 602 Ervisum
1153 542 1240 602 abba·

287 641 348 690 tem
363 631 395 689 S.
403 631 537 689 Victoris.
1288 657 1345 715 254

247 728 382 808 Epistola
394 729 558 787 Wrnunur
573 731 677 808 prioris
688 730 863 812 Ursisscampi
877 732 914 791 ad
925 733 1103 793 Richardum
1117 736 1244 814 priorem

289 824 322 883 S.
334 824 472 883 Victoris.
1272 832 1342 891 ibid.

247 921 383 1000 Epistola
396 919 436 978 A.
448 921 485 979 ad
499 921 537 979 0.
1287 945 1341 1004 ²35

247 1020 295 1078 De
309 1018 425 1076 Ervisio
439 1018 542 1076 abbate
556 1018 588 1076 S.
599 1020 724 1078 Victoris
736 1021 852 1098 patrino
867 1021 995 1101 Philippi
1009 1024 1095 1100 regis.
1273 1025 1343 1084 ibid.

247 1114 381 1191 Epistola
394 1113 537 1173 Ludovici
550 1115 625 1193 regis
638 1115 675 1172 ad
689 1115 828 1173 Ervisum
842 1118 974 1177 abbatem
989 1119 1022 1177 S.
1035 1120 1172 1179 Victoris.
1286 1121 1343 1196 236

247 1210 382 1290 Epistola
396 1209 433 1267 G.
448 1210 609 1287 presbyteri
629 1208 843 1269 Anilcurtensis
863 1210 900 1269 ad
916 1211 1094 1271 Richardnm
1114 1213 1240 1292 priorem

287 1307 320 1366 S.
330 1306 468 1365 Victoris.
1272 1310 1343 1370 ibid.

248 1403 382 1482 Epistola
396 1402 433 1459 G.
448 1402 485 1459 ad
499 1401 677 1460 Richardum
692 1402 816 1481 priorem
832 1404 863 1463 S.
875 1404 1012 1464 Victoris
1283 1424 1341 1483 237

247 1499 385 1576 Diploma
395 1499 488 1555 Pactu
501 1497 628 1576 episcopi
639 1498 803 1559 Aniciensis
817 1500 965 1561 ecclesiam
976 1502 1013 1561 de
1023 1502 1089 1561 Doa
1100 1504 1248 1582 Stephano

286 1597 384 1656 abbati
397 1596 429 1654 S.
442 1596 561 1654 Evurtii
581 1605 612 1653 et
633 1596 697 1672 ejus
714 1598 926 1656 successoribus
943 1599 1153 1659 reformandam
1171 1620 1240 1659 con.

287 1694 425 1752 cedentis.
1271 1694 1341 1753 ibid.

247 1791 335 1848 Bulla
360 1791 542 1848 Asanam
571 1809 652 1847 rara
679 1790 735 1846 111.
764 1789 802 1848 ad
828 1791 980 1850 canonicos
1008 1791 1156 1869 regulares
1182 1792 1214 1850 S.

288 1886 395 1964 Satyri.
1283 1889 1341 1962 238

247 1982 382 2062 Epistola
395 1983 546 2039 Lnnovrcr
564 1982 631 2040 Vll.
646 1983 722 2059 regis
735 1981 774 2040 sd
786 1982 939 2041 canonicos
953 1982 985 2041 S.
997 1984 1164 2043 Genovefae.
1283 2002 1342 2059 239

248 2078 384 2154 Diploma
398 2079 547 2135 Lnnovrcr
562 2079 631 2134 VII.
645 2078 721 2155 regis
734 2098 787 2156 pro
801 2077 833 2136 S.
843 2077 972 2136 Victore.
1270 2079 1342 2138 ibid.

247 2174 382 2254 Epistola
407 2175 444 2232 G.
464 2173 697 2252 Heresordieasta
721 2173 844 2252 episcopi
870 2174 908 2233 ad
930 2175 1069 2233 Ervisum
1093 2174 1240 2236 Abbatem

287 2271 319 2329 S.
333 2270 471 2328 Victoris.
1283 2291 1342 2348 24ο

247 2367 382 2446 Epistola
403 2368 511 2425 Eavrsr
534 2368 646 2426 abbatis
671 2367 703 2424 S.
712 2366 842 2426 Victoris
865 2368 903 2427 ad
924 2369 960 2426 0.
975 2368 1149 2428 cardinalem
1170 2389 1240 2448 apo-

287 2463 397 2522 stolicae
410 2463 486 2522 sodis
499 2462 637 2541 legatum.
1268 2465 1341 2525 ibid.

247 2559 381 2638 Epistola
394 2561 576 2617 manuam
593 2579 673 2616 rara
687 2560 743 2616 III.
757 2558 794 2616 ad
808 2559 942 2617 abbatem
956 2560 1050 2618 sancti
1064 2560 1204 2620 Victoris.
1283 2579 1338 2635 241

246 2656 381 2734 Epistola
395 2658 568 2713 Lauanuru
583 2657 694 2714 abbatis
703 2656 897 2715 westinensis
910 2656 948 2715 ad
961 2654 1099 2716 Ervisum
1113 2658 1246 2718 abbatem

288 2753 319 2810 S.
333 2753 471 2811 Victoris.

247 2848 382 2927 Epistola
396 2849 434 2906 E.
449 2846 486 2906 ad
499 2848 637 2906 Ervisum
652 2847 683 2906 S.
692 2848 823 2907 Victoris
837 2850 980 2909 abbatem.

247 2944 382 3024 Epistola
396 2944 434 3002 R.
448 2944 559 3003 abbatis
580 2943 612 3003 S.
626 2945 744 3004 Evurtii
765 2946 802 3004 ad
820 2947 958 3005 Ervisum
979 2947 1110 3005 abbatem
1126 2947 1240 3007 S.Vic-

287 3041 368 3101 toris.

246 3136 382 3217 Epistola
397 3139 551 3194 chasanr
566 3138 677 3197 abbatis
692 3138 889 3198 Bristoliensis
905 3138 942 3196 ad
956 3138 1093 3196 Ervisum
1107 3139 1240 3199 abbatem

288 3235 319 3292 S.
328 3234 467 3292 Victoris.
1269 3237 1340 3297 ibid.

247 3331 381 3410 Epistola
396 3331 433 3389 L.
448 3330 483 3388 ad
499 3330 536 3387 R.
552 3331 732 3410 subpriorem
747 3331 779 3390 S.
787 3331 924 3390 Victoris.
1283 3353 1341 3407 244

247 3427 381 3508 Epistola
398 3427 433 3485 G.
448 3426 485 3485 ad
499 3426 637 3484 Ervisum
651 3427 784 3485 abbatem
797 3429 917 3487 fratrem
931 3447 1026 3486 suum.
1270 3429 1340 3488 ibid.

247 3526 380 3603 Epistola
394 3525 514 3583 Onours
529 3523 680 3582 cardinalis
694 3523 731 3581 ad
742 3523 879 3582 Ervisum
894 3524 1025 3583 abbatem
1041 3524 1074 3584 S.
1080 3524 1217 3587 Victoris.
1282 3546 1338 3603 245

246 3622 381 3703 Epistola
394 3623 413 3681 J
415 3642 482 3680 oua
496 3621 627 3679 canonici
640 3619 677 3678 ad
691 3620 829 3678 Ervisum
842 3621 975 3680 abbatem
991 3620 1022 3679 S.
1031 3621 1171 3681 Victoris.
1267 3623 1339 3684 ibid.

246 3721 385 3801 Diploma
397 3720 553 3776 Msnmru
567 3716 698 3794 episcopi
712 3716 892 3776 Parisiensis.
1283 3723 1342 3794 246

247 3817 381 3898 Epistola
395 3815 526 3895 anorrpmi
540 3814 577 3872 ad
589 3815 725 3872 amicum.
1283 3835 1341 3893 247

247 3915 334 3974 Bulla
348 3917 530 3972 Auxanum
546 3932 627 3969 rara
640 3913 696 3969 ΠΙ.
710 3912 747 3971 ad
761 3912 996 3971 archidiaconum
1011 3912 1213 3971 Parisiensem.
1283 3916 1341 3988 248

246 4012 379 4091 Epistola
393 4012 575 4068 Aaaxaunar
591 4028 672 4065 rara
684 4009 740 4067 111.
755 4008 792 4067 ad
805 4008 988 4068 Ludovicum
1002 4028 1109 4085 regem.
1283 4030 1343 4088 249

246 4109 432 4185 Rescriptum
447 4107 630 4162 Anaxsunar
653 4123 733 4161 narn
747 4105 803 4163 ΙΙΙ.
827 4104 864 4162 ad
879 4105 1076 4164 Senonensem
1098 4103 1238 4184 archiepi-

286 4224 415 4282 scopum,
431 4202 614 4261 Meldensem
629 4204 796 4280 episcopum
811 4211 842 4259 et
855 4202 988 4261 abbatem
1003 4198 1240 4260 Vallis-secreta.
1285 4224 1301 4262 2
1305 4223 1344 4281 5ο

246 4299 378 4378 Epistola
405 4301 586 4357 Anuxsunar
617 4317 697 4356 rarat
721 4299 778 4356 Ill.
807 4296 844 4356 ad
869 4298 1001 4357 abbatem
1029 4307 1058 4356 et
1086 4299 1239 4357 canonicos
1333 4342 1336 4347 -

286 4397 317 4455 S.
328 4395 463 4453 Victoris.
1284 4417 1339 4474 25¹
