2790 4958
205 306 346 369 Mortem
366 313 393 368 ct
414 303 553 367 Duroud
576 301 747 366 Theseum
767 300 998 366 Acerdotomm.
1133 305 1155 370 9

51 477 250 535 Gurnnunarr
264 492 308 531 nn
324 474 514 531 Canrnnnrs
528 470 669 551 Episcopi
683 469 904 529 catalaunensis
918 470 1074 530 Tractatus

92 572 192 632 brevis
205 570 242 630 de
256 570 378 648 Origine
391 568 519 626 Auimoe.
1095 571 1152 644 877

52 670 206 728 Huuou1s
224 685 245 724 a
264 666 296 725 S.
306 666 456 724 Vrcrouu
470 663 602 723 Libellus
621 663 658 724 de
676 664 768 723 Modo
790 663 905 723 dicendi
928 674 958 725 et
983 664 1071 724 medi·

93 762 187 824 tandi.
1097 762 1153 836 883

53 862 206 921 Hueortrs
215 859 435 939 Archiepiscopi
448 857 692 936 Rothomagensis
702 857 891 936 Dialogorum
908 877 959 916 seu
971 856 1073 928 Quaes-

93 957 210 1017 tionum
224 956 452 1033 theologicarum
466 955 534 1012 libri
549 955 625 1014 VII.
1096 954 1149 1030 891

55 1054 195 1134 Ejusdem
209 1053 364 1111 Tractatus
377 1052 409 1111 in
422 1053 619 1111 Hexamerou.
1079 1070 1151 1109 1001

55 1151 129 1210 Vita
158 1149 189 1208 S.
207 1148 363 1226 Adjutoris
394 1149 534 1207 Monachi
561 1147 730 1206 Tironensis
763 1159 881 1206 auctore
913 1147 1052 1207 Huuoun

96 1246 327 1326 Archiepiscopo
352 1243 590 1323 Rothomagensi‚
614 1244 703 1321 hujus
726 1244 852 1302 nominis
875 1244 973 1311 tertio,
998 1245 1052 1324 ipsi

95 1342 238 1420 Adjutori
253 1362 357 1401 coaevo.
1080 1361 1128 1400 101
1142 1363 1149 1400 1

55 1440 190 1499 Ancum
206 1440 378 1499 Scholastici
392 1439 482 1498 Liber
495 1438 531 1498 de
544 1438 747 1497 Misericordia
761 1447 791 1498 et
805 1438 825 1496 J
828 1437 938 1498 ustitia.
1078 1458 1155 1516 1019

56 1538 166 1596 Pnrru
181 1536 377 1595 Anchisam
393 1534 554 1613 Theologia
569 1534 742 1593 Christiana.
1080 1557 1156 1614 1139

56 1636 167 1694 Purnr
181 1632 378 1691 Arsaniam
392 1631 548 1710 Expositio
561 1632 591 1689 iu
607 1632 805 1691 Hexameron.
1080 1637 1152 1709 1361

57 1734 167 1792 Parni
178 1749 403 1790 vaunaanrms
413 1729 744 1789 CluuiacensisAbbatis
755 1729 812 1787 IX.
823 1728 978 1787 Sermones
991 1740 1060 1788 tres.
1082 1749 1154 1806 1417

57 1829 209 1908 Excerpta
227 1848 264 1887 ex
285 1828 461 1885 Humanum
484 1845 526 1883 nn
542 1826 745 1884 Varroniano
758 1826 930 1884 Monasterii
953 1826 984 1884 S.
1000 1825 1056 1884 Al.

97 1925 167 1984 bani
182 1925 211 1982 in
226 1922 335 2002 Anglia
351 1923 461 1982 Prioris
474 1923 549 1982 libro
562 1923 598 1982 de
613 1923 803 1982 Monachatu.
1081 1940 1155 2001 1453

57 2024 210 2082 Gnuocrar
226 2020 373 2100 praepositi
388 2019 676 2100 Reicherspergensis
686 2019 840 2079 Tractatus
857 2020 994 2080 adversus
1009 2021 1055 2079 Si-

98 2119 254 2178 moniacos.
1081 2136 1155 2195 1457

58 2216 231 2296 Disputatio
245 2215 384 2274 Ecclesiae
398 2225 428 2274 et
443 2214 603 2294 Synagogae
616 2225 735 2275 auctore
749 2217 990 2275 G1nn1anuuno.
1081 2234 1156 2293 1497

58 2313 210 2394 Anonymi
226 2314 382 2372 Tractatus
395 2312 533 2371 adversus
546 2312 567 2370 J
568 2313 694 2371 udreum.
1082 2331 1156 2391 1507

58 2412 198 2490 Dialogus
212 2411 289 2469 iuter
304 2410 523 2469 Cluniacensem
538 2411 715 2468 Monachum
737 2419 767 2468 et
781 2410 1001 2470 Cisterciensem
1021 2410 1057 2470 de

143 2507 264 2566 diversis
279 2508 431 2584 utriusque
445 2507 567 2566 Ordinis
582 2507 792 2565 Observantiis.
1083 2510 1158 2585 1569

61 2605 221 2683 Eulogium
236 2604 366 2681 magistri
374 2604 394 2661 J
397 2621 539 2661 ouaums
548 2603 792 2661 Coauuarausm
805 2603 841 2661 ad
856 2603 1056 2663 Alexandrum

103 2701 212 2779 Pupam
228 2700 289 2758 III.
310 2698 388 2776 quod
403 2699 538 2757 Christus
551 2699 590 2757 sit
603 2699 708 2776 aliquis
721 2699 817 2757 homo.
1082 2703 1156 2777 1655

59 2798 233 2877 Disputatio
246 2797 323 2855 inter
337 2795 519 2855 Catholicum
534 2806 565 2855 et
580 2796 749 2854 Paterinum
763 2797 941 2856 haereticum.
1083 2814 1157 2873 1703

60 2897 184 2956 Summa
203 2894 314 2952 Fratris
329 2894 478 2951 Rnuuurr
494 2893 530 2952 de
544 2893 657 2951 Ordine
676 2893 812 2951 Fratrum
832 2894 1058 2954 Praedicatorum

102 2993 139 3052 de
154 2991 287 3049 Catharis
300 3001 330 3049 et
344 2990 491 3048 Leonistis
504 3010 555 3048 seu
571 2990 752 3066 Pauperibus
767 2991 803 3049 de
817 2991 972 3069 Lugduuo.
1084 3010 1159 3071 1759

60 3091 218 3149 Tractatus
255 3086 291 3146 de
315 3087 427 3146 Haeresi
463 3087 629 3166 Pauperum
666 3085 702 3144 de
736 3086 892 3165 Lugduno,
928 3088 1059 3149 Auctore

102 3205 248 3263 anonymo.
1083 3203 1158 3262 1777

62 3282 206 3340 Doctrina
219 3281 256 3340 de
269 3280 362 3338 Modo
376 3280 550 3359 procedendi
566 3292 665 3338 contra
681 3281 852 3341 Haereticos.
1083 3301 1156 3360 1795

62 3379 153 3437 Liber
166 3376 203 3436 de
218 3377 360 3436 Doctrina
373 3377 562 3434 Novitiorum
579 3376 699 3435 Ordinis
714 3378 996 3438 Grandimontensis.
1083 3382 1157 3456 1823

62 3473 294 3533 consultationis
302 3473 417 3531 Zachaei
427 3473 585 3530 Christiani
595 3483 625 3530 et
635 3472 786 3552 Apollonii
798 3475 962 3554 philosophi
973 3476 1059 3534 editae

106 3571 241 3650 Spicileg.
256 3581 328 3629 tom.
344 3570 383 3628 X.
398 3569 511 3628 collatae
529 3590 595 3628 cum
610 3570 678 3628 MS.
691 3571 901 3631 Vindocinensi
917 3574 1059 3633 variantes

103 3669 254 3729 lectiones.
1085 3673 1158 3749 1845

582 3773 629 3845 V.

105 3904 306 3988 Quamquam
328 3901 492 3967 clarissimi
511 3904 535 3965 J
536 3924 642 3965 ossam
658 3902 785 3965 smoan
800 3904 962 3967 Assanam
977 3904 1162 3970 Bibliotheca

64 4005 229 4071 orientalis
242 4005 320 4068 nihil
335 4005 377 4069 ad
391 4027 497 4069 meum
516 4004 715 4090 propositum
729 4003 848 4068 faciens
869 4006 929 4070 nisi
945 4008 1107 4094 Excerptn
1124 4033 1162 4074 ao

62 4109 204 4194 Operum
232 4108 424 4172 ineditorum
453 4108 565 4172 titulos
591 4115 628 4172 ut
657 4107 827 4192 plurimum
855 4108 992 4189 exhibet,
1020 4134 1083 4175 non
1113 4122 1162 4177 ost

61 4218 171 4276 tamon
206 4210 292 4294 quod
323 4209 439 4272 librum
473 4217 540 4274 tam
571 4210 745 4294 pretiosum
775 4211 825 4273 hic
855 4214 1161 4294 praetermittendum

62 4312 252 4376 existimem.
299 4311 442 4375 Titulum
475 4313 588 4378 saltem
620 4321 718 4398 atque
754 4314 878 4378 Indices
907 4315 1056 4400 Cupitum
1089 4317 1161 4380 huic

63 4415 188 4482 notitiae
202 4416 298 4480 inseri
312 4415 440 4480 curabo.
