2790 4958
425 327 563 393 Baloza
576 337 605 392 at
619 328 729 391 Mami
742 327 949 393 Mesalum.

142 578 311 638 Gal-:noan
336 579 430 636 Pam
450 581 505 639 IV.
531 580 665 659 Epistola
688 579 726 638 ad
750 581 913 659 Episcopos
934 591 965 638 et
991 580 1064 638 alios
1085 580 1144 639 Dei

185 675 286 734 fideles
303 696 356 755 per
369 676 494 734 Galliam
510 677 694 744 constitutos,
708 676 746 735 de
766 677 910 756 dignitate
930 677 1146 756 etPrivilegiis

186 773 361 831 Monasterii
376 772 577 832 Floriaceusis.
1225 792 1247 847 4

144 870 292 928 anmosu
304 870 396 926 Para
407 870 541 949 Epistola
549 870 587 929 ad
596 873 760 930 Bernouem
771 871 917 929 Abbatem
929 872 1159 949 Giguiaoensem.
1173 869 1245 928 ibid.

144 965 281 1044 Epistola
309 965 434 1024 Laoms
458 967 553 1025 VIII.
585 967 622 1027 de
657 967 823 1046 Privilegiis
849 967 983 1025 Abbatiae
1017 968 1145 1026 Montis-

186 1063 312 1139 majoris.
1227 1085 1244 1140 5

144 1160 308 1217 Gnucoan
320 1161 356 1218 V.
369 1159 505 1238 Epistola
516 1160 554 1220 de
568 1161 733 1239 privilegiis
746 1161 882 1220 Abbatiae
895 1161 1151 1239 Montis-majoris.
1227 1163 1247 1219 6

145 1255 309 1313 Gaudosu
325 1256 417 1312 Para
432 1256 506 1314 v11.
523 1257 665 1336 Epistola
678 1258 849 1334 quinque—

227 1352 252 1408 Ι.
267 1350 318 1410 Ad
332 1353 493 1411 Canonicos
507 1353 647 1412 Ecclesiae
661 1354 693 1412 S.
706 1354 814 1411 Hilarii
829 1355 1029 1414 pictaviensis.
1176 1355 1246 1413 ibid.

229 1448 272 1506 11.
294 1449 345 1506 Ad
359 1451 521 1508 Canouieos
534 1451 674 1509 Ecclesiae
688 1450 884 1510 Belvaceusis.
1175 1452 1246 1511 ibid.

229 1546 289 1604 111.
310 1547 362 1604 Ad
376 1547 547 1606 Germanos.
1229 1568 1246 1625 7

228 1645 281 1701 lv.
303 1642 353 1702 Ad
368 1644 531 1702 Henricum
546 1645 727 1724 Episcopum
740 1645 960 1704 Leodiceusem.
1174 1646 1247 1705 ibid.

231 1741 270 1799 V.
292 1739 343 1800 Ad
358 1741 536 1800 Richardum
551 1741 734 1800 Cardinalem
748 1741 894 1800 Abbatem
909 1741 1132 1801 Massiliensem.
1175 1743 1247 1801 ibid.

147 1839 283 1918 Epistola
306 1840 490 1898 Wmmcmss
516 1840 607 1917 Regis
627 1839 794 1916 Anglorum
816 1838 854 1897 ad
878 1841 1054 1918 Gregorium
1078 1841 1146 1897 VII.

189 1937 310 2015 Papam.
443 1930 453 1944 ’
1174 1936 1247 1994 ibid.

146 2033 283 2112 Epistola
297 2033 336 2091 B.
350 2033 476 2091 Comitis
489 2032 670 2091 Arelatensis
683 2031 721 2090 ad
734 2032 859 2091 eundem
875 2032 995 2108 Papam.
1175 2033 1247 2093 ibid.

146 2130 269 2189 Litterae
280 2130 438 2189 Vicinam
451 2131 609 2210 Antipapoe
623 2130 659 2188 ad
674 2131 832 2189 Albertum
846 2130 1027 2209 Episcopum
1037 2130 1147 2190 Virdu-

189 2247 317 2286 nensem.
1230 2229 1248 2285 8

147 2327 281 2385 Uanam
295 2326 389 2383 Para
404 2326 447 2383 11.
464 2326 600 2404 Epistola
612 2325 650 2384 ad
669 2326 873 2403 suffraganeos
887 2326 1028 2385 Ecclesia
1041 2327 1146 2387 Arela-

187 2424 289 2482 tensis.
1176 2425 1248 2483 ibid.

148 2520 241 2598 Popae
253 2520 378 2599 ejusdem
394 2518 528 2598 Epistola
548 2519 585 2577 ad
607 2518 789 2577 Bemardum
811 2517 1071 2598 Archiepiscopum
1086 2520 1147 2578 Το-

189 2617 329 2677 letanum.
1176 2619 1248 2678 ibid.

148 2712 340 2790 Privilegium
356 2713 485 2770 Uananu
500 2712 543 2770 II.
558 2712 594 2771 de
609 2711 741 2770 Ecclesia
755 2710 1034 2789 Gratianopolitana.
1178 2713 1249 2772 ibid.

148 2811 289 2890 Ejusdem
304 2810 439 2888 Epistola
458 2808 496 2867 ad
516 2809 639 2867 Petrum
659 2809 852 2888 Praepositum
866 2819 897 2866 et
911 2809 1074 2867 Canonicos
1088 2810 1149 2868 Ec-

189 2907 283 2966 clesiae
297 2906 504 2965 Ruthenensis.
1230 2928 1250 2984 9

148 3005 326 3062 Pascasms
341 3003 434 3060 Para
447 3002 491 3060 11.
506 3001 642 3080 Epistola
655 3001 691 3059 ad
705 3001 851 3060 Abbatem
865 3013 896 3060 et
910 3003 1073 3061 Monachos
1086 3024 1147 3062 mn

189 3101 308 3158 uasterii
323 3099 487 3158 Beccensis.
1177 3101 1248 3160 ibid.

148 3197 289 3277 Ejusdem
311 3197 402 3274 Papo
421 3195 599 3253 Pascuams
621 3194 757 3272 Epistola
778 3195 816 3252 ad
839 3196 1002 3254 Robertum
1025 3196 1148 3275 Episco-

189 3313 261 3372 pum
275 3295 501 3351 Coveutrauum.
1180 3294 1250 3352 ibid.

149 3391 289 3470 Ejusdem
304 3390 395 3468 Popoe
410 3389 544 3467 Epistola
558 3388 594 3447 ad
609 3389 764 3447 monachos
779 3391 877 3447 Sancti
890 3390 1010 3466 AEgidii.
1216 3411 1250 3448 10

149 3488 290 3568 Ejusdem
304 3488 396 3565 Papoe
414 3486 550 3566 Epistola
568 3487 605 3544 ad
620 3485 793 3544 Villelmum
807 3485 1067 3565 Archiepiscopum
1090 3488 1149 3545 Ro-

189 3585 416 3662 thomagensem.
1179 3583 1250 3643 ibid.

149 3682 289 3762 Ejusdem
304 3685 393 3759 Papae
406 3681 542 3760 Epistola
555 3681 592 3738 ad
606 3679 780 3738 Auselmum
796 3679 1056 3758 Archiepiscopum
1071 3681 1148 3738 Cau·

190 3778 375 3836 tuariensem.
1175 3777 1246 3835 ibid.

148 3872 503 3931 Pascuaa1sII.Pa1=m
525 3871 661 3950 Epistola
681 3871 717 3929 ad
739 3871 868 3929 Clericos
886 3871 1025 3929 Ecclesiae
1043 3872 1148 3930 Parisi-

189 3972 276 4041 ensis,
290 3992 346 4048 qua
361 3972 403 4030 eis
416 3971 599 4029 commendat
613 3991 713 4029 eorum
729 3970 907 4049 Episcopum
923 3969 1073 4029 Galouem.
1213 3993 1245 4030 11

148 4068 287 4148 Ejusdem
302 4067 437 4146 Epistola
451 4067 488 4126 de
501 4069 677 4126 monasterio
696 4067 875 4125 Semichensi
887 4069 918 4123 in
934 4067 1096 4146 Hungaria‚
1110 4070 1148 4127 ad

191 4165 349 4242 Hugonem
374 4165 520 4223 Abbatem
546 4166 712 4223 monasterii
735 4165 835 4223 Sancti
858 4165 966 4242 AEgidii
989 4167 1020 4222 in
1048 4167 1147 4245 Septi.

190 4262 295 4319 mania.
1181 4265 1249 4324 ibid.

151 4361 332 4418 Pascuams
357 4359 398 4416 11.
433 4359 525 4416 Pana
562 4357 706 4436 Epistola,
735 4379 792 4434 qua
825 4359 940 4436 pondus
971 4359 1148 4438 Apostolicae
