2790 4958
201 303 357 368 Boodinit'
373 304 490 366 Graeca
502 301 648 367 macco
669 302 775 366 Vetera
789 303 996 366 Monummto.
1094 304 1157 372 189

1096 473 1157 535 rag.

54 555 170 613 Murem
184 553 323 613 Arrrurr
338 553 465 613 Auuxrr
487 553 657 611 Arnrrrur
679 552 831 631 Epistola,
846 553 1010 624 Orationes,
1025 565 1055 612 et

95 652 154 710 alia
168 652 279 730 optima
292 662 438 730 excerpta.
1095 670 1154 728 497

54 748 210 806 Monitum
224 747 412 827 Typographi
426 749 463 807 ad
477 749 624 806 Lectores.
1096 764 1153 822 521

55 843 268 902 Osservazione
286 844 316 902 di
332 866 370 902 un
385 844 523 902 Anonimo
542 854 645 902 contro
663 841 686 899 il
707 841 740 898 P.
756 842 905 900 Girolamo
927 843 1055 901 Savona.

96 939 168 1007 mla,
183 960 242 997 uon
257 941 339 999 Note
352 941 383 998 in
398 942 497 999 favore
512 940 540 999 di
555 961 628 998 esso.
1084 941 1155 1000 ibid.

55 1037 150 1115 Copia
164 1035 212 1095 del
226 1036 367 1096 Processo
381 1036 543 1096 Autentico
558 1048 659 1095 contro
672 1035 694 1092 il
710 1036 746 1107 P.
762 1036 945 1094 Savonarola.
1096 1053 1156 1113 529

54 1134 139 1191 Note
153 1144 255 1192 contro
269 1133 351 1193 detto
367 1135 515 1193 Processo.
1085 1134 1155 1193 ibid.

55 1230 86 1285 J.
104 1231 143 1287 D.
160 1228 201 1287 A.
217 1230 316 1288 Mausi
332 1231 530 1288 Praemonitio.
1096 1231 1157 1307 566

55 1326 130 1384 Vita
145 1327 182 1383 B.
196 1327 217 1382 J
218 1328 320 1385 oannis
335 1327 513 1385 Columbini.
1085 1328 1155 1385 ibid.

56 1423 291 1482 constitutiones
308 1423 551 1500 congregationis
570 1422 737 1501 Pauperum
758 1422 809 1499 qui
831 1421 988 1499 vulgariter
1003 1424 1055 1483 ,Ιο-

97 1519 176 1576 artati
189 1530 406 1599 nuncupantur.
1097 1537 1153 1596 571

55 1615 85 1672 J.
101 1615 140 1671 D.
156 1613 195 1672 A.
210 1616 257 1672 M.
274 1615 469 1674 Proemonitio.
1096 1618 1155 1692 583

56 1710 201 1789 Epistolae
221 1711 283 1768 ΡΡ.
300 1711 480 1770 Pnsonaurs
495 1713 537 1770 II.
553 1713 701 1780 Gnuasrr,
722 1714 873 1780 Cnrrxrr,
895 1714 1053 1780 Hononrr,

98 1808 429 1879 Innocuur11,Lucrr‚
448 1810 606 1877 Enornrr,
625 1808 814 1880 Annsrasrr,
836 1811 873 1868 ad
893 1811 1055 1869 Canonicos

98 1905 261 1983 Regulares
283 1906 458 1964 Mouasterii
481 1906 514 1965 S.
531 1905 681 1983 Frigdiani
703 1906 862 1977 Lucensis3
883 1917 914 1964 et
934 1907 1054 1965 aliorum

97 2001 135 2059 ad
149 2001 231 2060 alios.
1096 2006 1153 2081 583

55 2097 217 2174 Appendix
232 2098 432 2177 Epistularum
446 2099 483 2156 ab
496 2099 649 2177 Episcopo
662 2100 753 2157 vomit
766 2102 946 2176 scriptarum,
958 2121 974 2160 e
989 2101 1055 2158 Pri.

97 2193 270 2272 vilegiorum
284 2195 339 2252 &c
354 2194 390 2253 ad
404 2195 531 2254 eosdem.
1098 2215 1155 2275 597

56 2291 252 2348 Monumeuta
266 2292 344 2349 varia
357 2311 394 2349 ex
409 2289 549 2350 Archivio
563 2293 736 2350 Monasterii
752 2292 813 2348 ΡΡ.
829 2293 1056 2351 Praedicatorum

99 2387 129 2444 S.
146 2385 272 2445 Romani
294 2388 440 2456 Lucensis,
462 2398 546 2446 eruta
567 2388 603 2446 ab
625 2387 740 2445 erudito
764 2388 798 2444 P.
815 2388 964 2447 Friderioo
983 2390 1056 2447 Vin.

97 2483 196 2542 centio
207 2482 245 2542 de
259 2484 353 2542 Podio
366 2505 433 2544 cunr
447 2485 508 2542 suis
521 2484 756 2543 adnotationibus
770 2485 950 2563 opportunis.
1097 2489 1156 2545 600

531 2707 681 2778 XXXI.

101 2880 279 2962 Pergamus
293 2878 336 2941 ad
350 2877 389 2939 cl.
400 2876 525 2939 Ancum
537 2876 657 2939 Maura
669 2875 820 2939 Banornu
835 2877 1052 2941 collectionem
1062 2879 1157 2944 titulo

59 2982 179 3045 Groecae
191 2979 336 3043 Ecclesia
349 2987 482 3041 oetemm
495 2979 757 3041 Montuncotomm
770 3001 807 3042 ea
815 2978 1002 3044 Bibliotheca
1016 2983 1158 3048 Metron

55 3082 254 3165 inscriptam,
283 3080 388 3144 tribus
413 3080 521 3143 Tomis
546 3081 580 3142 in
605 3083 675 3144 8vo.
697 3082 965 3165 comprehensam,
991 3107 1086 3169 quam
1115 3087 1158 3150 ad

55 3204 188 3247 manum
200 3183 313 3248 babeo.
359 3182 486 3245 Primus
500 3188 607 3246 tomus
620 3182 681 3246 hoc
695 3182 790 3246 titulo
804 3184 940 3267 gaudet:

52 3369 291 3440 Ἰουστινιανοῦ
308 3375 369 3439 τοῦ
384 3365 537 3460 μεγάλου
550 3367 721 3442 Βασιλέως
737 3369 790 3437 καὶ
808 3369 966 3445 Εῠδοκίας
982 3381 1040 3454 τῆς
1051 3373 1159 3444 Bao-1.

133 3484 224 3558 attor
252 3486 339 3580 ἔργα
369 3482 414 3554 τὰ
443 3482 610 3554 ἀνέκδοτα.
671 3484 884 3555 JUSTINIANI
913 3485 1039 3581 Magni
1068 3489 1158 3582 Imp.

134 3610 172 3671 et
206 3601 384 3673 Eunocuu
417 3599 591 3694 Augustae
622 3599 741 3693 Opera
767 3604 930 3692 quaedam
971 3601 1161 3676 Anecdota

134 3739 229 3786 nunc
253 3719 407 3809 primum
438 3740 485 3786 ex
511 3715 622 3785 MSS.
645 3716 756 3786 Codd.
780 3717 1015 3788 Bibliothecae
1042 3716 1160 3790 Medi-

135 3855 209 3902 ceae
233 3833 360 3903 Graece
386 3842 424 3904 et
450 3832 578 3902 Latine
607 3834 644 3901 in
670 3833 786 3903 lucem
814 3835 990 3925 prodeunt
1016 3858 1100 3903 cura
1122 3844 1160 3905 et

134 3948 252 4017 studio
278 3947 374 4042 Aug.
401 3946 495 4017 Mar.
514 3948 679 4019 Bandinii
706 3949 804 4019 Juris
828 3951 976 4041 utriusq.
995 3949 1161 4022 Doctoris

136 4061 375 4134 Sacrosanctae
419 4063 523 4134 Laur.
553 4064 715 4135 Basilicae
754 4065 922 4135 Cauouioi
957 4067 1160 4159 ibidemque

135 4176 173 4247 S.
199 4178 240 4248 O.
267 4179 322 4248 M.
366 4179 457 4272 Regi
492 4180 770 4251 Bibliothecarii.
830 4182 1018 4252 Florentiae
1055 4183 1160 4276 Typis

135 4292 285 4364 Oaesaris
302 4315 528 4368 olomccnxn.
581 4296 810 4388 Superiorum
827 4299 1009 4388 permissu.
