2790 4958
249 305 298 383 50
611 302 760 368 Decimi
781 303 987 390 Specilcys‘um.

1287 459 1347 522 rag.

256 543 438 602 Bannmcus
452 541 588 601 Dolensis
600 542 763 622 Episcopus
776 542 926 601 coufirmat
940 542 1122 602 Monasterio
1135 541 1167 601 S.
1177 539 1245 599 Elo-

295 640 382 698 rentii
396 639 480 706 bona,
495 658 560 715 quae
573 639 605 696 in
618 659 670 697 sua
684 639 811 698 Dioecesi
826 640 881 698 sita
895 649 973 698 sunt.
1275 639 1347 699 ibid.

256 737 434 795 Psscnnms
449 735 544 793 Parra
558 735 602 793 11.
614 734 748 815 Epistola
762 734 798 795 ad
810 736 974 795 (luidonem
987 734 1246 815 ArchIepiscopum

296 833 498 892 Viennensem.
1278 832 1349 893 ibid.

255 929 434 988 Monasterio
456 929 486 987 S.
498 928 598 986 Pontii
613 929 811 989 Tomeriarum
833 927 973 987 nonnulla
993 928 1083 987 donat
1097 929 1245 987 Brennus-

295 1046 355 1085 nus
369 1046 411 1084 nn
428 1026 595 1084 Mrnnnnn.
1275 1027 1348 1087 ibid.

254 1124 474 1183 Testamentum
489 1124 656 1181 anuum
672 1123 794 1182 Comitis
809 1122 1024 1200 Melgoriensis.
1287 1126 1347 1198 460

252 1222 471 1280 Matrimonium
492 1221 596 1278 initum
618 1221 694 1279 iuter
708 1220 890 1279 Gaufredum
906 1219 941 1278 de
955 1219 1128 1290 Rossilione,
1143 1231 1173 1279 et
1187 1220 1245 1278 Er.

293 1319 467 1397 mengarden
481 1318 569 1376 filiam
583 1318 724 1376 Bernardi
738 1317 927 1377 Vicecomitis
941 1318 1125 1376 Biterrensis.
1282 1322 1340 1393 461

252 1414 387 1495 Epistola
414 1415 570 1494 Encyclica
602 1414 808 1474 Mesochorum
844 1415 1064 1494 Burgidolensir
1092 1414 1229 1482 Abbatiae,

291 1512 391 1579 vitam,
406 1510 552 1590 librosque
572 1512 690 1570 Hervaei
710 1512 869 1570 continens.
1275 1512 1346 1572 ibid.

252 1607 386 1688 Epistola
407 1608 563 1688 Eucyclica
585 1609 792 1667 Mesochorum
816 1608 1102 1679 Cassiis-Benedici,
1117 1609 1244 1668 Andreae

291 1705 415 1765 Abbatis
429 1708 517 1764 vitam
533 1706 694 1773 continnae,
1283 1708 1343 1782 462

251 1803 429 1862 Psscnaurs
444 1803 536 1861 Para
550 1803 593 1862 II.
608 1802 743 1882 Epistola
757 1802 794 1860 ad
807 1802 927 1862 Clerum
947 1813 978 1861 et
991 1802 1138 1881 Populum
1153 1802 1244 1862 Atre.

291 1901 449 1959 batensem.
1284 1902 1343 1977 463

251 1998 389 2078 Ejusdem
417 1997 550 2076 Epistola
579 1996 617 2055 ad
648 1997 838 2056 Lambertum
872 1995 1050 2076 Episcopum
1079 1994 1204 2054 Atreba-

289 2102 410 2150 tensem.
1269 2092 1342 2151 ibid.

251 2188 388 2267 Ejusdem
403 2188 537 2268 Epistola
550 2188 588 2247 ad
601 2188 753 2247 duodecim
769 2188 915 2247 Arbitros.
1272 2188 1344 2250 ibid.

250 2285 429 2344 Baunnrcus
449 2286 654 2344 Noviomensis
679 2285 852 2364 Episcopus,
876 2286 1044 2344 Lehunensi
1063 2285 1244 2345 Monasterio

290 2383 451 2451 confirmat,
466 2404 530 2461 quae
544 2384 637 2443 eidem
652 2405 668 2442 a
682 2384 799 2441 Bosoue
813 2382 907 2441 milite
920 2384 1056 2442 restituta
1069 2394 1147 2441 sunt.
1272 2384 1346 2444 ibid.

250 2480 325 2552 Quae
345 2481 439 2540 eidem
460 2481 641 2540 Monasterio
659 2481 694 2539 ab
709 2480 836 2539 Otberto
856 2478 1017 2558 Proeposito
1038 2479 1144 2538 donata
1164 2490 1243 2550 sunt,

289 2577 438 2636 confirmat
454 2579 664 2637 Gonnnmnus
680 2577 844 2656 Episcopus
859 2575 1072 2635 Ambianeusis.
1283 2581 1345 2654 464

249 2675 400 2734 Ennunnr
424 2675 562 2733 Monachi
586 2674 781 2740 Benedictini,
805 2684 904 2752 postea
925 2672 1071 2733 Roffensis
1090 2673 1242 2754 Episcopi,

289 2769 424 2850 Epistola
437 2770 473 2829 ad
488 2770 703 2830 Walchelinum
719 2770 896 2849 Episcopum
912 2769 1102 2828 Wentanum.
1273 2773 1345 2832 ibid.

250 2870 387 2949 Ejusdem
403 2868 537 2947 Epistola
551 2868 588 2926 ad
600 2868 798 2926 Lambertum.
1283 2888 1341 2947 471

250 2966 385 3046 Epistola
403 2966 588 3024 Fnanrrnrcr
599 2964 819 3043 Archiepiscopi
834 2962 1016 3023 coloniensis
1029 2963 1065 3023 ad
1077 2965 1245 3026 Brunonem

290 3064 547 3143 Archiepiscopum
563 3063 773 3121 Trevirensem.
1280 3079 1342 3139 474

250 3163 380 3221 Roberto
394 3160 430 3220 de
444 3159 615 3219 Arbricellis
629 3159 704 3217 uarii
718 3158 796 3216 varia
809 3156 929 3215 donant.
1272 3160 1343 3220 ibid.

249 3260 355 3318 Eidem
379 3259 475 3318 locum
497 3259 547 3335 qui
570 3257 600 3315 in
624 3256 713 3336 Sylva
736 3254 851 3314 Caduni
871 3253 978 3312 dicitur
1000 3253 1133 3322 Salvitas,
1153 3256 1242 3317 donat

289 3358 507 3416 Guruunmrus
522 3355 686 3435 Episcopus
700 3352 954 3431 Petragoricensis.
1282 3371 1341 3432 475

249 3455 354 3515 Eidem
370 3453 511 3513 nonnulla
525 3452 614 3511 donat
629 3453 848 3510 Gururncunus
863 3467 905 3506 mr
921 3449 1090 3508 Brnonmo.
1253 3496 1256 3501 .
1273 3453 1343 3513 ibid.

250 3552 406 3632 Superiora
426 3551 522 3609 omnia
544 3550 618 3608 dona
638 3549 669 3606 in
691 3546 852 3606 Gerardum
876 3546 913 3605 de
932 3545 1009 3605 Salis
1029 3547 1166 3607 transfert
1180 3549 1243 3608 Ro.

290 3669 416 3707 nunnus
431 3667 472 3706 nir
487 3647 722 3705 Annnrcurnns.
844 3693 846 3701 .
1268 3646 1343 3706 ibid.

249 3749 326 3806 Item
340 3746 468 3805 Donatio
483 3743 635 3802 Guillelmi
649 3742 685 3801 de
702 3741 798 3800 Biron.
1283 3746 1344 3820 476

249 3845 326 3903 Item
340 3843 468 3900 Donatio
482 3839 605 3899 Ainardi
620 3839 656 3899 de
672 3839 806 3898 Bainaco.
1269 3841 1341 3900 ibid.

250 3942 326 3999 Item
341 3938 470 3997 Donatio
485 3937 568 3995 Iterii
582 3935 620 3995 de
633 3934 819 4014 Moysidano.
1269 3937 1342 3998 ibid.

249 4039 323 4096 Item
338 4035 466 4094 Donatio
479 4033 602 4092 Arnaldi
617 4033 653 4092 de
664 4032 917 4091 Monte-lucense.
1270 4034 1341 4095 ibid.

249 4135 325 4194 Item
340 4132 470 4190 Donatio
484 4131 609 4190 Ebrardi
623 4130 660 4189 de
675 4129 842 4188 Madelano.
1270 4131 1341 4192 ibid.

250 4229 438 4289 Confirmatio
451 4227 651 4286 Donationum
666 4227 702 4285 ab
716 4225 912 4285 Gmnnrrnno
923 4227 1151 4306 Petragoricensi
1166 4227 1240 4307 Epi·

289 4346 375 4406 scopo
390 4326 473 4384 facta.
1269 4325 1341 4385 ibid.
