2790 4958
242 299 306 367 192
394 281 397 285 ἢ
532 293 696 358 Golbodic‘
709 292 893 357 Bibliotheca
908 294 1051 357 Petraea.

243 468 301 525 cst.
347 459 542 524 Parisienses
562 465 671 523 autem
685 458 915 522 Bibliothecam
930 456 1163 522 Coloniensium
1183 458 1341 544 magnitu-

243 562 348 626 dinem
363 584 428 625 suoe
447 562 599 624 excedere
619 560 829 646 indignantes,
845 558 977 623 editioni
995 559 1202 624 Bibliothecae
1217 560 1342 647 Bignae-

242 685 312 727 anae
338 673 465 748 qccrtae,
491 685 560 746 quae
586 683 670 725 anno
694 661 1344 746 nncxx1v.tomisdecemcomprehensa

242 765 370 848 prodiit,
394 764 602 827 Acamans
627 763 905 840 &rodaticum
927 783 1024 846 opera
1048 764 1213 828 Frontonis
1230 765 1344 828 Dacoei

242 867 423 939 conflatum,
439 868 653 951 adjunxerunt
666 891 673 929 :
698 873 795 950 atque
813 887 897 929 anno
919 888 1098 928 nnoxxxrx.
1113 866 1199 930 aliu'd
1214 867 1343 952 Sepph-

242 978 371 1031 mcatnm.
397 968 548 1031 Latinum
577 969 698 1031 duobus
727 967 824 1031 tomis
848 967 1109 1051 comprehensum
1138 968 1341 1033 addiderunt.

242 1069 353 1133 Editio
376 1069 483 1154 quinto
505 1069 711 1133 Bibliothecae
736 1068 924 1133 Parisiensis
945 1090 1014 1151 quae
1035 1090 1120 1132 anno
1142 1092 1341 1133 nncxxxxw.

241 1169 343 1232 lucem
369 1167 523 1252 adspexit,
548 1190 625 1231 xvn.
651 1167 747 1231 tomis
772 1173 908 1244 constat,
932 1172 966 1230 et
992 1172 1140 1249 quartam
1158 1167 1342 1252 Bignaeanae

242 1271 448 1334 Bibliothecae
463 1269 642 1346 editionem,
660 1268 831 1332 Frontonis
846 1268 956 1331 Ducaei
971 1268 1191 1347 Auetuarium‚
1207 1291 1245 1333 ac
1261 1269 1343 1354 Sup

241 1373 435 1457 plementum
454 1394 537 1434 anno
560 1394 735 1433 nnoxxxrx.
755 1371 919 1455 vulgatum
938 1370 1184 1453 comprehcndit.
1230 1370 1342 1435 Editio

240 1485 322 1538 aaa
344 1497 414 1559 quae
436 1495 520 1538 anno
540 1496 663 1536 nnomv.
680 1473 712 1535 in
733 1474 835 1537 lucem
857 1472 985 1557 prodiit,
1001 1472 1078 1534 nihil
1102 1479 1151 1536 est
1174 1472 1235 1536 nisi
1256 1474 1343 1538 idem

241 1577 322 1641 liber
342 1576 457 1640 iterum
480 1576 566 1661 typis
589 1598 731 1639 excusus.
777 1575 906 1639 Interea
927 1580 1034 1638 autem
1048 1575 1235 1638 Frosncc'ccos
1257 1577 1342 1640 Com-

242 1677 317 1761 bcfis,
332 1678 380 1741 vir
393 1679 441 1741 -de
463 1677 613 1741 studiosis
629 1678 813 1741 Craecorum
836 1676 1025 1760 scriptorum
1045 1674 1342 1740 Ecclesiasticorum

241 1779 361 1864 optime
382 1779 523 1858 meritus,
545 1780 703 1843 Croecclot.
720 1781 856 1843 Petrum
876 1777 1067 1843 Bibliotheca
1087 1779 1208 1842 Novam
1223 1782 1342 1844 Aucta

242 1882 324 1944 rium
339 1881 371 1943 in
386 1882 465 1944 duos
474 1887 577 1944 tomos
589 1880 796 1944 distributum
805 1880 936 1944 Parisiis
951 1902 1034 1944 anno
1046 1904 1216 1944 1111111111.
1229 1882 1342 1947 edidit.

243 1982 334 2046 Idem
356 1981 547 2046 Bibliotheca
571 1984 746 2046 Croecoruca
771 1984 907 2046 Petram
926 1984 1112 2046 Auctoricna
1133 1983 1343 2046 Novissimom

242 2085 275 2147 in
295 2086 375 2148 duas
398 2084 514 2148 Partes
537 2084 671 2147 divisum
694 2084 826 2148 Parisiis
847 2106 931 2148 anno
947 2108 1106 2148 nnonxxn.
1126 2084 1243 2169 publici
1259 2085 1342 2169 juris

242 2186 325 2250 fecit.
371 2185 434 2249 Sed
447 2183 637 2248 Bibliotheca
652 2186 788 2248 Potmcm
801 2185 1012 2269 Lapdccacasc's
1031 2209 1101 2271 quae
1122 2209 1207 2250 anno
1221 2186 1342 2252 Christi

243 2310 422 2350 uncnxxvn.
450 2287 609 2350 intumos
631 2309 731 2350 xxvn.
755 2286 928 2350 distributa
953 2288 1080 2372 prodiit,
1105 2289 1250 2352 omnibus
1272 2290 1342 2373 jam

242 2389 426 2453 memoratis
440 2388 579 2473 palmam
600 2388 773 2473 praeripuit.
819 2388 901 2452 Haec
920 2389 1004 2452 enim
1017 2392 1163 2455 Monimo
1177 2391 1251 2474 jure
1266 2391 1342 2455 dici·

243 2500 305 2571 tur,
322 2499 355 2556 et
370 2492 540 2576 scriptores
554 2490 619 2555 fere
638 2512 747 2554 omnes
766 2492 852 2577 apud
871 2490 993 2575 priores
1013 2493 1167 2557 editiones
1185 2493 1340 2572 inventos,

243 2602 276 2658 et
295 2595 412 2658 multos
430 2595 508 2658 alios
528 2592 667 2677 undique
681 2593 838 2670 collectos,
856 2595 928 2677 (sed
944 2595 1058 2660 Latine
1071 2597 1214 2678 tantum)
1231 2597 1342 2661 ordine

243 2697 429 2760 saeculorum
450 2696 620 2781 dispositos
646 2695 784 2758 exhibet.
839 2696 889 2758 De
910 2696 959 2759 his
981 2699 1126 2762 omnibus
1148 2699 1185 2762 el.
1211 2698 1341 2785 Ittigius

243 2800 277 2861 in
296 2821 353 2862 suo
376 2800 532 2862 Tractatu
554 2797 690 2861 disserit.
736 2797 828 2860 Nunc
847 2797 946 2882 igitur
964 2801 1007 2862 ad
1021 2800 1252 2864 Bibliothecam
1268 2803 1341 2866 Gal-

243 2901 425 2965 landianam
451 2903 490 2964 de
516 2922 580 2984 qua
604 2900 690 2983 loqui
720 2921 888 2984 coeperam,
914 2923 965 2966 me
990 2902 1116 2987 recipie.
1171 2903 1341 2988 Inscriptio

243 3003 318 3067 talis
332 3009 399 3067 est:

244 3147 468 3218 Bibliotheca
484 3147 661 3219 Veterum
688 3148 835 3218 Petrum
852 3149 1164 3243 Antiquommque
1185 3151 1342 3246 Scripto-

318 3290 398 3336 rum
422 3265 758 3348 Ecclesiasticorum‚
776 3274 954 3358 postrema
979 3265 1208 3359 Lugdunensi
1234 3268 1342 3363 longe

319 3382 527 3474 locupletior
551 3389 658 3473 atque
684 3383 888 3451 accuratior.
940 3381 1034 3452 Cura
1060 3391 1097 3452 et
1123 3384 1240 3453 studio
1265 3383 1343 3454 An·

320 3499 414 3566 dreae
433 3496 610 3566 Gallandii
638 3495 837 3589 Presbyteri
863 3495 1153 3590 Congregationis
1176 3497 1341 3569 Oratorii.

320 3612 483 3684 Venetiis
517 3631 740 3682 clolnecnxv.
811 3612 868 3680 Ex
911 3612 1155 3706 Typographia
1194 3614 1342 3684 Ioannis

320 3728 494 3819 Baptistae
511 3725 657 3796 Albritii
685 3726 831 3797 Hieron.
851 3726 916 3795 Fil.
961 3726 1054 3797 Cum
1072 3728 1206 3800 Veneti
1233 3728 1343 3799 Sena-

319 3851 378 3913 tus
396 3841 594 3935 Privilegio.

691 3980 846 4045 TOMUS
870 3981 895 4043 Ι.

246 4095 278 4153 S.
290 4096 481 4152 Cnnnnnms
492 4093 615 4151 Romani
632 4094 773 4172 Epistola
784 4095 827 4152 ll.
842 4095 879 4152 ad
890 4095 1065 4161 Corinthios,
1076 4096 1115 4153 A.
1125 4099 1158 4154 C.
1168 4098 1217 4157 68.
1241 4098 1312 4177 Peg.
1326 4117 1338 4155 1

630 4191 772 4269 Epistolae
784 4192 825 4249 11.
841 4192 878 4250 ad
892 4192 1037 4268 Virgines.
1270 4196 1342 4254 ibid.

629 4286 804 4364 Fragmenta
818 4286 1015 4365 Epistolarum
1031 4286 1067 4344 ad
1082 4287 1214 4345 Corinth.
1303 4307 1343 4363 44
