2790 4958
417 320 566 387 Dacleria‘
588 322 804 408 8786676777.-

56 571 235 632 cuillelmus
248 573 285 632 de
300 574 395 633 Turre
409 585 439 633 et
454 574 612 634 Guillelma
625 577 842 635 matrimonium
855 577 970 638 ineunt.

56 669 241 738 Donationes
261 682 381 750 propter
403 672 520 750 nuptias
542 673 626 730 facta
649 673 726 747 iuter
745 673 866 731 Petrum
885 673 1057 753 Aragouum

99 767 220 846 Regem,
234 779 265 827 et
279 768 406 827 Mariam
421 769 572 827 Guillelmi
586 770 846 849 Montispessulani
861 770 960 830 filiam.
1085 773 1157 832 ibid.

57 865 156 923 Maria
170 866 340 943 Aragonum
360 865 474 944 Regina
493 865 815 945 Montempessulanum
836 878 866 926 et
888 867 944 926 alia
965 880 1057 928 castra

99 961 190 1019 Petro
204 961 309 1019 marito
322 960 421 1019 donat.
1098 964 1160 1039 566

57 1056 167 1116 Petrus
183 1055 340 1135 Aragonioe
361 1057 426 1115 Rex
447 1056 579 1114 Sanciam
604 1055 691 1114 filiam
715 1056 882 1116 Raimuudo
903 1058 964 1123 filio
986 1059 1055 1117 Rai.

97 1153 202 1212 mundi
216 1154 363 1213 Narbonae
377 1154 470 1212 Ducis
483 1163 609 1232 nuptum
624 1153 693 1232 dare
707 1155 839 1233 spondet.
1099 1160 1156 1235 567

57 1250 228 1310 sannam
243 1250 464 1330 Archiepiscopi
479 1249 696 1308 cantuariensis
711 1249 845 1328 Epistola
863 1252 900 1311 ad
913 1254 1057 1312 Joannem

97 1347 264 1426 Anglorum
279 1349 399 1426 Regem.
1099 1354 1158 1429 568

56 1444 77 1501 J
78 1462 197 1504 caurus
213 1444 304 1522 Regis
317 1443 355 1502 ad
369 1444 551 1523 Stephanum
565 1440 709 1522 Epistola.
1085 1447 1157 1507 ibid.

57 1540 165 1600 Srruou
180 1541 285 1600 comes
299 1541 498 1600 Montisfortis
512 1541 546 1599 c.
561 1540 613 1600 sol.
629 1542 839 1602 Auniversario
853 1542 979 1603 Amiciae
995 1565 1055 1603 ma-

98 1638 152 1697 tris
165 1658 225 1697 suaa
238 1639 397 1716 assignatos
411 1637 570 1696 confirmat.
1097 1643 1157 1719 569

57 1733 269 1811 Jusjurandum
290 1733 370 1811 quod
383 1733 589 1794 Noviomensis
609 1733 749 1794 Ecclesiae
764 1735 900 1795 Decanus
921 1749 1058 1816 proestare

98 1830 195 1899 debet,
211 1850 277 1888 cum
292 1831 442 1910 recipitur.
1086 1835 1157 1895 ibid.

59 1927 215 1985 Pn1n11³1³1
241 1928 283 1985 II.
310 1929 487 1986 Francorum
517 1928 606 2007 Regis
633 1929 814 1988 constitutio
841 1929 878 1989 de
902 1931 977 1991 dure
1000 1932 1066 1993 Pa·.

97 2035 232 2083 tronatus
245 2025 276 2082 in
290 2025 480 2083 Normannia.
1084 2028 1156 2087 ibid.

57 2122 198 2202 Ejusdem
212 2123 393 2181 constitutio
407 2123 444 2181 dc
457 2122 543 2182 modo
557 2123 676 2182 tenendi
691 2124 779 2182 feuda
792 2125 894 2183 divisa.
1100 2144 1158 2202 570

57 2219 223 2277 chronicon
245 2219 458 2299 Episcoporum
480 2218 695 2297 Albigensium,
710 2231 740 2279 et
755 2221 904 2280 Abbatum
920 2223 1057 2283 castren.

96 2315 181 2374 sium.
1087 2319 1157 2380 ibid.

56 2413 132 2471 Jura
145 2423 175 2472 et
190 2413 424 2472 consuetudines
439 2413 574 2473 civitatis
588 2412 799 2472 Atrebatensis.
1098 2434 1155 2492 572

57 2509 198 2569 Ecclesia
220 2510 392 2569 carnutensi
414 2510 555 2568 nonnulla
576 2510 666 2569 donat
687 2510 884 2569 Seuerianus
905 2531 947 2570 nra
970 2513 1056 2570 Pras.

98 2626 151 2665 u1c
174 2651 180 2665 .
748 2662 750 2667 ι

57 2627 217 2763 Huaoonn
233 2705 335 2775 Vuae,
351 2725 384 2764 ac
398 2705 532 2764 Turonas
553 2704 616 2781 ejus
636 2703 771 2763 alumnus
792 2704 864 2763 duas
884 2705 1057 2764 Praebendas
1096 2627 1156 2685 ⁵⁷4

97 2800 225 2860 fundant
239 2801 270 2859 in
285 2801 416 2860 Ecclesia
431 2801 461 2860 S.
472 2801 606 2861 Matthaei
620 2801 658 2860 dc
673 2800 822 2860 Foilliaco.
1085 2801 1155 2861 ibid.
1238 2856 1240 2860 .

57 2899 254 2956 Gutuuanur
269 2898 392 2957 comitis
406 2897 614 2975 Forcalquerii,
628 2909 659 2956 et
679 2899 852 2975 Margaretoe
874 2899 937 2976 ejus
958 2900 1056 2958 uxoris

97 2994 234 3073 Epistola
247 2993 284 3052 ad
299 2994 457 3052 Blancham
472 2994 646 3053 Trecensem
662 2994 845 3052 comitissam
861 2993 1034 3053 Palatinam.
1097 3012 1154 3073 575

56 3089 378 3169 Montempessulanum
411 3089 569 3148 Guillelmo
604 3090 641 3148 de
673 3089 933 3168 Montepessulano
967 3091 1056 3150 donat

99 3186 232 3245 Puraus
251 3185 421 3265 Aragonum
442 3186 517 3245 Rex.
1084 3189 1155 3248 ibid.

55 3283 180 3342 Mamm
195 3282 364 3360 Aragonum
381 3283 501 3362 Reginae
516 3283 747 3342 Testamentum.
1097 3285 1157 3362 576

57 3378 257 3437 lunocunrn
273 3377 366 3436 Pars
380 3378 441 3436 111.
460 3376 596 3457 Epistola
610 3378 653 3437 11.
670 3378 708 3437 ad
721 3379 888 3458 Philippum
904 3380 946 3437 11.
962 3380 1054 3438 Fran·

97 3494 197 3532 corum
212 3474 333 3552 Regem.
1097 3492 1155 3553 577

58 3572 214 3629 Pmnrrer
229 3571 272 3628 II.
287 3570 465 3629 Francorum
480 3571 570 3648 Regis
583 3572 648 3631 Lex
662 3572 699 3630 de
711 3573 935 3650 crucesignatis.
1084 3573 1155 3631 ibid.

57 3668 237 3726 Genaunes
252 3668 374 3726 Amicus
388 3687 405 3724 a
419 3666 583 3726 Bertrando
597 3668 744 3747 Episcopo
758 3667 949 3727 cavellicensi
962 3668 1056 3725 moni.

97 3776 157 3831 tus,
172 3763 312 3822 nonnulla
326 3763 507 3822 Monasterio
522 3762 555 3821 S.
565 3764 692 3822 Andreae
706 3765 844 3823 restituit.
1098 3767 1156 3841 578

57 3861 258 3919 lumocun'rrr
274 3861 367 3918 Para
381 3859 442 3917 III.
456 3859 592 3939 Epistola
606 3859 641 3918 ad
655 3862 799 3919 loannem
815 3859 979 3938 Anglorum
995 3860 1054 3918 Re·

97 3977 175 4035 gem,
189 3976 247 4036 qua
260 3957 377 4036 Anglia
390 3975 513 4034 regnum
527 3956 557 4013 in
572 3956 694 4015 feudum
709 3957 823 4036 recipit.
1084 3959 1155 4018 ibid.

55 4054 194 4112 domme
219 4052 383 4131 Auglorum
413 4052 502 4132 Regis
529 4052 726 4112 ordinationes
753 4053 789 4112 ad
813 4051 1054 4130 tranquillitatem

99 4151 195 4229 Regni
210 4151 421 4210 stabiliendam.
1097 4172 1156 4230 579

57 4248 211 4308 Institutio
226 4247 346 4306 Ordinis
359 4247 659 4309 Vallis-Scholarium.
1097 4251 1154 4324 583

576 4363 596 4402 r
614 4361 629 4401 a
