2790 4958
445 314 575 378 Bolozii
589 323 618 378 at
632 314 742 379 Marsi
757 313 963 378 Miscellooeo.
1185 312 1250 380 167

145 569 308 628 Concilium
324 569 495 628 Turonense
509 569 564 627 sub
577 567 749 627 Alexandro
763 569 844 647 Papa
859 568 919 624 III.
1184 486 1244 626 111

144 666 253 724 Charta
268 665 393 725 Concilii
404 666 592 734 Turonensis,
603 686 668 743 quaa
682 665 769 724 missa
778 665 837 723 fuit
852 665 999 744 Episcopo
1009 663 1141 742 Magalo-

185 763 278 829 nensi,
294 773 324 821 et
338 761 448 821 Abbati
463 762 658 821 Cluniacensi.
1188 779 1240 819 122

143 859 326 918 Testimonia
348 859 384 917 de
410 859 596 936 Indulgentia
618 879 751 918 concessa
773 858 911 917 Ecclesia
933 858 963 916 S.
979 859 1083 916 Mariae
1104 859 1140 917 de

186 955 386 1014 Portiuncula.
1186 974 1239 1030 123

142 1052 214 1110 Alia
228 1052 409 1110 Testimonia
422 1052 458 1111 de
473 1052 572 1111 eadem
588 1052 784 1130 Indulgentia.
1171 1051 1240 1110 ibid.

143 1150 284 1208 Narratio
299 1149 442 1207 deforma
456 1162 486 1208 et
500 1149 586 1208 modo
607 1149 756 1209 electionis
769 1150 853 1208 factae
868 1149 903 1208 de
917 1151 995 1229 Papa
1010 1150 1140 1208 Martino

185 1248 220 1304 V.
235 1247 265 1304 in
281 1246 412 1304 Concilio
427 1247 652 1305 Constantiensi.
1187 1266 1241 1321 124

143 1343 280 1422 Epistola
304 1343 532 1401 Banrnnsams
558 1343 651 1401 Coxar
674 1343 711 1401 ad
734 1344 856 1402 Petrum
881 1344 917 1403 de
939 1345 1023 1402 Luna
1042 1344 1138 1402 Bene-

185 1440 298 1499 dictum
312 1440 405 1497 XIII.
1184 1457 1238 1518 125

142 1536 236 1595 Gesta
249 1536 286 1594 de
299 1537 485 1594 restitutione
500 1538 694 1616 Episcopatus
708 1536 919 1596 Atrebatensis.
1185 1555 1240 1614 127

143 1633 286 1712 Epistola
299 1634 474 1691 Larissam
489 1634 628 1713 Episcopi
643 1634 855 1694 Atrebatensis.
1185 1653 1240 1712 137

144 1730 301 1808 Privilegia
315 1751 448 1789 concessa
461 1733 497 1789 ab
510 1731 612 1790 eodem
625 1732 791 1790 Lamberto.
1186 1737 1240 1810 158

142 1828 232 1885 Varia
246 1828 382 1886 derebus
396 1827 646 1886 Atrebatensibus.
1185 1831 1239 1906 163

143 1924 287 2003 Epistola
302 1935 412 2004 septem
429 1924 459 1982 S.
474 1922 629 1982 Ansnnan
644 1923 865 2005 Archiepiscopi
879 1926 1105 1986 cantuariensis.
1184 1945 1239 2002 172

142 2020 309 2080 Avnseorr
338 2021 478 2079 Monachi
506 2020 731 2080 Cenomanensis
767 2023 902 2100 Epistola
939 2023 976 2080 ad
1015 2025 1046 2081 S.
1074 2024 1139 2083 An.

184 2118 316 2177 selmum.
561 2151 566 2160 ·
1187 2139 1243 2200 174

143 2215 281 2293 Epistola
294 2217 314 2274 J
316 2235 429 2274 oannis
443 2217 479 2275 ad
494 2215 677 2275 Anselmum.
1171 2221 1242 2280 ibid.

143 2312 275 2370 11111111
299 2314 392 2371 Para
413 2314 457 2371 II.
474 2313 608 2391 Epistola
629 2312 665 2371 de
686 2312 829 2371 electione
849 2333 901 2371 sua
923 2314 959 2371 ad
983 2314 1140 2392 Hugonem

185 2408 331 2468 Abbatem
346 2410 578 2468 Cluniacensem.
1172 2415 1242 2475 ibid.

143 2505 335 2584 privilegium
350 2506 460 2564 Domni
475 2506 634 2565 1111111111
650 2506 809 2564 Remorum
823 2505 1053 2587 Archiepiscopi.
1170 2513 1240 2570 ibid.

143 2601 273 2660 Unaanr
289 2603 382 2661 Parin
396 2606 436 2661 11.
452 2602 588 2682 Epistola
609 2603 645 2661 de
662 2603 880 2662 confirmatione
901 2603 1050 2665 electionis
1072 2607 1139 2666 Ma.

184 2701 275 2758 nassis
290 2700 430 2779 Episcopi
445 2681 666 2758 Cameracensis.
1187 2724 1241 2784 175

144 2795 283 2875 Ejusdem
296 2797 427 2855 11111111
440 2797 535 2855 Parin
548 2796 635 2854 Bulla
646 2795 682 2854 111
691 2797 909 2857 confirmatione
921 2799 1139 2879 privilegiorum

183 2893 358 2951 Monasterii
372 2892 600 2952 Celsiniacensis.
1173 2899 1241 2958 ibid.

143 2990 281 3070 Ily'asdem
297 2989 431 3068 Epistola
445 2990 482 3048 ad
496 2989 671 3049 Durannum
686 2991 864 3071 Episcopum
877 2993 1076 3054 Arvernorum
1090 2996 1141 3055 ad.

184 3106 286 3145 versus
300 3086 462 3144 Canonicos
478 3087 672 3147 Bilionenses.
1176 3114 1186 3154 1
1200 3098 1239 3172 76

144 3184 284 3263 Ejusdem
310 3181 405 3240 Bullae
429 3181 495 3240 duae
518 3183 555 3241 de
577 3184 794 3244 confirmatione
816 3185 965 3246 electionis
988 3191 1141 3248 Genewini

186 3279 327 3358 Episcopi
340 3276 554 3338 Ambianensis.
1171 3289 1241 3348 ibid.

145 3376 285 3455 Ejusdem
296 3374 385 3433 Bulla
398 3396 452 3454 pro
461 3375 643 3436 Monasterio
664 3377 695 3436 S.
707 3378 815 3456 AEgidii
829 3379 859 3436 in
869 3379 1059 3459 Septimania,
1071 3405 1141 3444 con.

186 3472 299 3530 firmata
312 3471 343 3528 in
357 3471 489 3530 Concilio
505 3472 686 3533 Placentino.
1186 3498 1240 3558 177

143 3569 265 3628 Litterae
281 3568 457 3627 Harmonrs
472 3570 612 3648 Episcopi
626 3572 859 3639 Matisconensis,
873 3574 902 3630 in
925 3575 1030 3651 quibus
1046 3580 1139 3637 contI.

184 3677 292 3725 nentur
316 3665 447 3742 quadam
470 3666 612 3744 Epistola
634 3668 761 3725 Uariam
778 3669 820 3726 ΙΙ.
844 3670 942 3737 Paean,
969 3681 998 3729 et
1019 3673 1140 3731 oliorum

186 3763 363 3822 Summarum
375 3763 546 3840 Pontificum
561 3763 597 3822 de
611 3765 790 3823 Monasterio
806 3768 834 3823 S.
845 3766 983 3824 Germani
995 3766 1141 3827 Autissio-

185 3858 324 3918 dorensis.
1172 3868 1241 3928 ibid.

144 3956 284 4036 Ejusdem
300 3956 430 4014 11111111
447 3957 540 4016 Parm
554 3958 598 4017 II.
614 3957 702 4015 Bulla
729 3980 783 4038 pro
806 3960 987 4019 Monasterio
1010 3962 1042 4020 S.
1059 3963 1139 4020 11111-

185 4052 264 4112 tialis
277 4053 504 4112 Lemovicensis.
1186 4066 1243 4139 178

142 4149 284 4228 Ejusdem
295 4149 382 4207 Bulla
393 4149 618 4210 confirmationis
629 4152 846 4231 privilegiorum
858 4155 1030 4214 Monasterii
1042 4157 1077 4213 M
1079 4178 1142 4236 oys-

184 4265 331 4304 siacensis.
1190 4276 1243 4333 ¹79

144 4342 283 4420 Ejusdem
300 4340 395 4399 Bullae
410 4340 475 4400 dua
490 4363 542 4421 pro
556 4343 736 4402 Monasterio
752 4345 782 4402 S.
800 4345 950 4402 Saturnini
966 4347 1089 4406 Tolosae.
1174 4354 1243 4415 ibid.

715 4461 738 4497 11
755 4461 774 4512 4
