2790 4958
453 307 634 390 Hoffirmoni
654 310 747 372 Nooo
770 309 918 374 Cosano.

636 595 765 666 XVII.

193 786 286 848 Nono
303 783 439 846 OoHeotio
452 783 606 848 acuam.
617 785 802 848 Gonoessno
818 784 1021 846 Horrnsrmo
1035 780 1131 860 edita,
1147 803 1251 867 pauoa

150 884 272 950 inedita
285 885 425 949 exbibet.
463 885 636 970 Inscriptio
649 885 724 949 talis
738 892 806 949 est:

151 1023 260 1095 Nova
288 1023 508 1115 Soriptorum
538 1047 580 1094 ao
610 1023 930 1094 Monumentorum
959 1024 1089 1114 partim
1118 1025 1250 1093 rarissi-

223 1161 363 1208 morum
382 1140 512 1230 partim
534 1139 749 1209 ineditorum
767 1138 941 1209 Collectio
958 1138 1059 1229 Opus
1086 1137 1131 1208 ad
1151 1137 1249 1209 illus-

222 1255 389 1324 trandum
411 1253 507 1325 Hist.
526 1254 688 1337 Civilem,
706 1254 1001 1336 Ecclesiastioam,
1020 1254 1248 1326 Litterariam

222 1393 288 1440 neo
322 1394 394 1440 non
422 1369 745 1463 Jurisprudentiam
775 1370 960 1441 Publioam
995 1379 1032 1441 et
1067 1370 1248 1442 Privatam

222 1510 304 1557 eum
328 1487 486 1556 maxime
512 1495 768 1579 comparatum,
805 1487 936 1558 Tomus
959 1484 991 1555 I.
1013 1485 1150 1556 Praeter
1178 1486 1249 1557 alia

222 1601 350 1672 Saeouli
381 1601 492 1673 XVI.
518 1612 751 1673 monumenta
773 1601 871 1675 Sum.
890 1600 1109 1674 Goiebeoooi
1135 1602 1255 1672 Bibli-·

221 1718 386 1788 otheoam
404 1717 636 1789 Sebusianam
653 1726 691 1789 et
703 1717 852 1789 Paridis
868 1717 911 1788 de
924 1717 1066 1791 Crassis
1084 1716 1246 1788 Disrium

222 1833 305 1904 Cur.
336 1833 440 1903 Rom.
471 1834 687 1928 complexus.
741 1834 935 1905 Recensuit
965 1833 1094 1904 Christ.
1126 1833 1247 1904 Godo-

221 1950 341 2020 fredus
370 1948 618 2032 Hoffmannus,
647 1949 731 2022 Jot.
762 1950 853 2045 Reg.
883 1951 966 2020 Bor.
995 1949 1084 2042 Maj.
1114 1947 1245 2018 Consil.

221 2065 374 2137 Intimus
400 2076 438 2136 et
458 2066 583 2137 Ordin.
600 2067 750 2138 Juridiei
775 2069 813 2136 in
830 2066 943 2137 Aesd.
962 2065 1123 2136 Franom.
1141 2065 1246 2136 Ordi-

220 2183 318 2252 narii
357 2181 499 2274 Lipsiae,
521 2182 731 2276 Sumptibus
753 2182 898 2253 Haered.
918 2183 1244 2254 Lanekisianorum.

220 2318 432 2369 nnocxxxr.
475 2297 520 2368 In
536 2307 674 2390 quarto.

440 2519 480 2580 lu
495 2517 597 2581 Tomo
611 2517 722 2580 Primo
736 2516 949 2595 eontinentur,

144 2677 324 2736 Bibliotheca
348 2678 518 2746 &busim
538 2699 591 2738 seu
609 2679 765 2738 Variamm
789 2679 972 2745 Chartamm,
991 2677 1142 2756 Diploma-

185 2784 259 2842 tum,
274 2773 504 2842 Fundationum,
517 2775 753 2853 Privilegiorum,
769 2774 969 2832 Donationum
985 2784 1016 2832 et
1030 2775 1141 2832 lmmu-

184 2871 310 2930 uitatum
331 2891 349 2928 a
369 2871 499 2931 Summis
519 2871 721 2940 Pontificibus,
743 2871 982 2950 imperatoribus,
1000 2871 1141 2948 Regibus,

186 2969 239 3025 &a
263 2987 462 3027 ooueesmrum
487 2969 638 3038 Eeclesiis,
661 2969 852 3028 Monasteriis
874 2978 905 3027 et
929 2968 992 3028 aliis
1015 2968 1088 3026 loeis
1111 2980 1142 3026 et

183 3065 315 3142 personis
343 3065 486 3125 Miscellae
513 3066 662 3126 Centurioe
690 3065 772 3124 duae:
805 3086 841 3123 ex
867 3065 1005 3124 Archivis
1029 3065 1141 3142 Regiis,

185 3160 349 3221 Tabulsriis
375 3172 406 3221 et
430 3163 587 3222 codicibus
613 3163 825 3241 Maunseriptis
852 3161 981 3220 collecte
1006 3161 1142 3238 notisque

183 3256 335 3316 illustrate
357 3279 375 3316 a
396 3259 533 3318 Samuele
555 3260 738 3321 Guiehenon.
760 3261 898 3339 Lugduni
920 3261 998 3339 apud
1020 3261 1142 3318 Barbier

183 3374 260 3412 anno
283 3373 404 3414 rrnenx.
446 3356 551 3414 Editio
577 3379 654 3416 nova
676 3379 742 3416 cum
766 3357 942 3416 Proefatione
964 3357 1001 3416 de
1023 3357 1085 3415 vita
1107 3377 1142 3415 se

183 3451 298 3528 seriptis
311 3451 389 3509 Sam.
400 3452 607 3522 Guiehenonii,
618 3455 764 3532 hujusque
778 3453 966 3512 collectionis
977 3454 1122 3512 Utilitate.
1140 3454 1210 3531 Pag.
1228 3474 1237 3511 r

141 3548 289 3625 Excerpta
308 3567 345 3606 ex
360 3548 495 3606 Psarnrs
516 3568 559 3606 nn
581 3552 726 3618 Gasssrs,
741 3550 881 3629 Episoopi
897 3551 1089 3610 Pisaurieusis
1109 3560 1140 3608 et

182 3644 316 3722 Magistri
332 3646 567 3704 ceremoniarum
588 3646 644 3704 sub
656 3647 758 3705 Leone
772 3646 812 3704 X,
828 3646 860 3704 S.
877 3647 911 3704 P.
926 3647 1029 3705 Diario
1043 3646 1140 3704 Curiae

183 3739 331 3810 Romane,
345 3741 382 3801 ab
395 3761 472 3799 auno
486 3761 737 3819 somnusque
755 3742 793 3800 ad
806 3760 938 3799 nnxxrr.
953 3762 1012 3819 quo
1032 3761 1064 3799 se
1083 3741 1139 3799 hoe

181 3855 301 3894 munere
321 3837 475 3907 abdicarit,
489 3838 575 3917 Opus
594 3839 674 3916 quod
694 3837 866 3916 plerumque
878 3837 934 3895 sub
947 3836 1037 3895 titulo
1050 3839 1139 3894 Cere.

181 3932 315 3991 monialis
334 3933 459 3992 Romani
486 3936 602 4003 citatur,
624 3955 704 3993 nunc
729 3935 855 4013 primum
879 3952 917 3990 ex
940 3933 1139 4011 manuscripto

182 4028 304 4087 editum.
1179 4046 1237 4106 395

141 4124 311 4184 Fasciculus
326 4126 434 4185 Rerum
451 4128 613 4187 Historiam
632 4148 665 4186 ae
680 4127 796 4186 Statum
812 4125 909 4184 Curise
924 4125 1072 4192 Romana,
1087 4127 1137 4202 qui

204 4221 337 4300 inprimis
350 4223 457 4283 Seenlo
470 4225 559 4283 XVI.
573 4225 643 4293 luit,
657 4224 877 4293 illustrantium,
893 4223 1055 4292 continens,

141 4317 166 4375 1.
181 4316 276 4375 Luca
290 4317 467 4377 Horsraan
482 4331 567 4378 notas
579 4317 616 4376 ad
631 4318 804 4377 Pontibeale
818 4318 992 4376 Romanum.
1179 4337 1239 4394 509

792 4437 839 4491 ¹4
