2790 4958
241 299 305 362 iao
591 297 773 380 saffiram
793 295 1036 362 maumas.

241 549 283 606 11.
300 548 457 628 Excerpta
480 569 543 626 quac
567 569 584 606 a
608 549 731 606 Summis
754 549 946 627 Pontidcidua
969 558 1020 607 aut
1043 548 1144 606 Sacris
1162 548 1235 607 Con-

281 647 356 705 ciliis
374 646 489 704 decreta
505 655 574 703 sunt
594 646 670 703 circa
683 646 771 704 ritum
787 666 928 705 remores
943 645 1083 703 Romanae
1098 643 1237 703 Ecclesioe

281 742 487 802 Cardinalium.

241 830 301 898 111.
322 839 460 898 Narratio
481 839 638 908 Bistones,
660 860 717 917 quo
738 849 824 919 pacto
847 839 917 896 urbs
940 838 1035 897 Roma
1056 839 1086 896 6.
1111 836 1139 897 d.
1162 836 1236 914 Maj.

280 957 357 995 anno
379 955 529 995 nnxxvu.
552 936 588 995 ab
615 937 745 995 exercitu
767 935 863 993 Caroli
878 934 918 993 V.
940 945 1117 1014 oppugnata,
1142 944 1235 1013 capta,

277 1032 394 1111 direpta
412 1042 445 1091 et
464 1043 577 1091 ramata
595 1033 674 1104 min
698 1052 766 1091 cum
786 1031 928 1090 Oratione
950 1031 1049 1090 habita
1070 1031 1103 1089 in
1122 1031 1236 1090 Senatu

280 1129 422 1198 Romano,
456 1128 600 1208 proelectis
640 1129 733 1189 literis
768 1150 786 1188 a
818 1129 926 1194 Oarolo
960 1130 997 1186 V.
1038 1128 1076 1187 od
1109 1128 1234 1188 eundem

279 1226 404 1304 scriptis.
1278 1243 1339 1301 529

240 1322 297 1381 lv.
319 1322 480 1382 Instructio
501 1323 587 1382 Pauli
605 1324 666 1382 111.
685 1322 752 1382 data
766 1321 887 1380 Thomae
907 1321 1073 1401 Campegio,
1088 1321 1236 1401 Episcopo

280 1419 438 1487 Feltrensi,
452 1431 483 1479 et
497 1420 641 1498 aliquibus
655 1419 749 1479 doctis
759 1418 851 1486 Viris,
866 1439 932 1478 cum
951 1440 986 1477 eo
1003 1420 1035 1477 in
1050 1418 1234 1477 Germaniam

279 1517 373 1576 ituris.
404 1514 505 1576 Romae
514 1516 554 1576 V.
567 1517 690 1576 Octobr.
706 1533 808 1575 nnxn.
1277 1517 1338 1593 589

240 1615 280 1676 V.
296 1614 456 1674 Extractus
467 1615 633 1684 Processus‚
646 1623 748 1672 contra
761 1611 946 1671 cardinalem
960 1611 1097 1672 carolum
1112 1612 1149 1672 de
1162 1613 1234 1672 Clau.

279 1713 350 1780 ruia,
363 1711 524 1790 imperante
539 1711 594 1769 Pio
609 1710 689 1789 Papa
703 1708 761 1768 IV.
776 1709 940 1769 institutus.
1278 1729 1338 1789 599

239 1808 293 1867 VI.
309 1807 482 1867 Memoriale
504 1807 849 1873 Cardin.Bs1.1.Anu1u1,
869 1805 906 1864 ad
927 1805 1107 1865 Clementem
1123 1806 1214 1867 v111.

279 1905 431 1965 continens
444 1925 499 1972 res,
514 1925 579 1982 quae
594 1904 733 1963 Pontifex
748 1903 904 1963 reformare
918 1902 1050 1963 debebat.
1277 1906 1315 1981 63
1319 1925 1336 1981 3

677 2174 842 2237 TOMUS
875 2173 923 2237 11.

282 2336 406 2400 Praeter
434 2336 523 2400 varia
550 2335 592 2399 ad
616 2335 876 2400 Oaerimoniarum
902 2330 1111 2420 Disciplinam
1132 2335 1336 2421 pertinentia,

240 2439 375 2507 Librum
396 2439 553 2502 Diurnum
576 2438 792 2503 Romanorum
815 2438 1016 2516 Pontificum,
1032 2446 1065 2503 et
1085 2439 1258 2525 Augustini
1275 2441 1338 2505 Pa-

237 2541 323 2606 tricii
338 2540 551 2619 Picolomiuei,
567 2539 717 2625 Episcopi
732 2539 882 2618 Picentini,
898 2540 1033 2604 Librum
1049 2541 1218 2605 Sacrorum
1234 2543 1337 2607 (laero-

236 2645 422 2724 monianum,
438 2644 552 2728 quibus
574 2643 710 2707 Romani
730 2643 902 2707 Pontifices
923 2643 972 2707 uti
991 2651 1232 2725 consuevenmt,
1247 2644 1337 2710 oxiri-

238 2747 325 2827 bans‚
338 2747 458 2833 Lipsiae
472 2769 556 2812 anno
567 2768 760 2810 mmcxxxru.
775 2745 877 2810 lucam
890 2745 1049 2833 adspexit.

497 2999 539 3062 In
558 2998 658 3062 Tomo
678 2998 823 3063 Secundo
843 2998 1076 3084 imprimuntur,

239 3162 347 3220 Christ.
362 3159 471 3219 Godof.
487 3159 668 3228 Hoffmanni,
682 3160 703 3217 J
705 3159 764 3229 Cti,
779 3160 954 3220 Dissertatio
977 3161 1013 3219 de
1028 3161 1125 3220 Libris
1139 3163 1235 3220 Caere-

279 3260 440 3317 moniarum
464 3270 495 3316 et
516 3257 641 3316 Rituum
662 3256 801 3316 Ecclesiae
825 3269 856 3316 et
883 3258 979 3316 Curiae
1000 3261 1146 3326 Romanae,
1169 3259 1234 3317 illo-

279 3375 401 3433 rumque
425 3374 480 3412 usu
503 3364 533 3413 et
557 3354 743 3425 authoritate,
759 3375 812 3414 nec
831 3376 890 3413 uon
913 3356 1042 3416 utilitate
1063 3377 1099 3415 ex
1119 3356 1235 3414 illorum

278 3452 403 3510 lectione
416 3450 565 3530 capienda.
1235 3453 1306 3532 Pag.
1323 3474 1335 3512 r

240 3549 329 3608 Liber
349 3547 484 3605 Dimum
503 3546 701 3605 Romanorum
721 3546 898 3606 Pontificum
919 3559 986 3627 post
1009 3549 1166 3607 editionem
1181 3549 1233 3607 Jo-

279 3645 362 3704 anuis
376 3644 519 3711 Gamerii,
536 3643 702 3721 Presbyteri
717 3643 749 3702 S.
761 3644 792 3701 J.
810 3645 872 3721 (qni
882 3657 976 3703 -notas
996 3645 1234 3704 Dissertationes-

279 3763 335 3820 que
348 3740 487 3818 addidit)
504 3741 633 3807 Parisiis.
649 3758 815 3799 rrncnxxx.
830 3742 862 3798 in
877 3741 971 3801 lucem
985 3743 1129 3801 emissam.
1324 3764 1334 3801 r

240 3838 359 3896 Rituum
372 3836 640 3896 Ecclesiasticorum
653 3837 714 3895 sire
730 3837 889 3896 Sacrorum
906 3839 1137 3898 Ceremonioram
1151 3839 1233 3898 Libri

280 3945 347 4003 tres,
363 3945 429 4012 post
441 3933 600 3992 editionem
615 3934 723 3992 Venet.
739 3955 785 3992 un.
801 3953 916 3993 unxvr.
1279 3938 1339 4014 269

239 4030 407 4090 Fasciculus
429 4029 610 4108 Scriptorum
631 4029 668 4088 ad
690 4030 852 4090 Historiam
867 4032 964 4090 Curiae
979 4032 1128 4102 Romame,
1143 4031 1234 4111 inpri-

278 4127 333 4184 mis
347 4125 383 4183 ad
398 4125 606 4184 controversias
620 4127 657 4185 de
672 4127 852 4187 ceremoniis
866 4139 953 4198 ortas,
968 4129 1171 4208 spectantium.

239 4224 264 4281 1.
281 4223 430 4281 Historica
452 4223 591 4282 Narratio
614 4223 691 4282 Litis
715 4244 781 4282 cum
804 4224 915 4302 Legato
936 4225 1077 4296 Caesareo,
1098 4227 1234 4306 Principe

279 4320 491 4399 Eggenbergio,
506 4321 545 4380 ob
557 4320 705 4400 neglectos
719 4321 858 4398 quosdam
871 4322 996 4382 honores
1009 4333 1089 4383 orto.
1277 4343 1336 4402 743
