2790 4958
344 311 436 376 Perii
461 311 630 376 Honoras
650 312 878 377 Amcdotomcm.
1123 316 1166 382 29

59 533 163 593 Codex
192 532 407 612 Diplomaticus
435 532 544 612 Inclyti
572 533 746 592 Monasterii
771 531 982 592 Admontensis
1009 534 1040 592 in
1154 502 1161 514 ⁹

102 630 195 690 Stiria
208 629 285 688 Ord.
299 630 332 688 S.
346 629 421 689 Ben.
1101 632 1159 707 657

286 775 393 834 Omnia
407 795 485 834 nunc
499 775 635 854 primum,
651 777 705 834 dcc.
748 776 838 833 Anno
856 791 943 851 1721.

104 953 265 1018 Elenchus
293 953 533 1038 Opusoulorum,
569 976 641 1038 quae
678 955 739 1019 hoc
775 955 876 1019 Tomo
913 954 974 1019 IV.
1006 954 1161 1020 Thesauri

60 1056 303 1121 Anscdotorum
318 1055 488 1119 Novissimi
503 1057 716 1121 continentur.

497 1283 660 1346 PARTE
692 1283 721 1346 I.

61 1435 208 1494 Rnrrrors
222 1435 535 1494 Aonrssronouurrsrs
549 1434 622 1492 Ord.
638 1434 669 1493 S.
685 1434 759 1492 Ben.
775 1433 1009 1493 Commentarius
1028 1436 1058 1492 in

102 1532 252 1590 Genesim.
1144 1552 1157 1589 1

60 1629 245 1686 Inrnnsa‘rr
268 1627 394 1687 Abbatis
412 1627 623 1687 Admontensis
641 1626 714 1686 Ord.
733 1627 764 1686 S.
780 1627 854 1686 Ben.
870 1629 1057 1687 Commenta·

141 1723 253 1782 riorum
268 1723 299 1780 in
313 1725 436 1783 Librum
450 1723 590 1783 Judicum
604 1724 688 1782 Lrbri
703 1724 747 1781 11.
1104 1745 1159 1800 127

62 1819 203 1898 Ejusdem
218 1819 374 1899 Expositio
388 1821 471 1878 Libri
487 1820 579 1878 Ruth.
1099 1841 1156 1895 441

61 1914 261 1975 Wansrmnr
288 1916 479 1984 Serranorum,
501 1915 626 1976 Abbatis
650 1916 818 1996 Augiensis,
838 1916 911 1976 Ord.
933 1917 964 1975 S.
985 1919 1058 1977 Ben.

103 2010 261 2090 Expositio
275 2013 347 2070 XX.
361 2014 521 2092 primorum
536 2013 729 2073 Psalmorum.
1101 2033 1158 2091 473

487 2217 649 2281 PARTE
682 2216 732 2280 11.

62 2365 230 2425 Ssvrrnrrvr
245 2368 385 2448 Episcopi
400 2368 542 2426 Doctrina
556 2366 593 2426 de
607 2367 768 2446 Sapientia.
1146 2387 1156 2424 1

61 2462 95 2521 S.
110 2464 280 2523 Boumscrr
303 2466 438 2544 Archiep.
453 2465 624 2543 Moguntini
643 2475 674 2523 et
695 2463 837 2542 Martyris
851 2463 924 2522 Ord.
940 2464 972 2522 S.
984 2463 1058 2521 Ben.

103 2559 208 2618 Sermo
222 2560 257 2620 de
272 2560 537 2622 Abrenuntiatione
551 2563 581 2620 in
596 2562 788 2641 Baptismate.
1117 2600 1120 2609 ·
1141 2578 1157 2633 3

63 2655 101 2714 Β.
117 2655 247 2715 Rasarcr
269 2658 387 2716 Macar
410 2658 631 2737 Arcbiepiscopi
654 2656 826 2735 Moguutini
847 2656 921 2715 Ord.
936 2656 968 2715 S.
984 2655 1059 2713 Ben.
1151 2656 1154 2663 '

103 2752 286 2831 Opusculum
301 2754 338 2813 de
353 2753 491 2812 Passione
506 2754 636 2811 Domini.
1139 2767 1154 2824 7

61 2850 241 2908 Zscmarrrns
268 2850 386 2909 incertae
415 2850 500 2908 Sedis
524 2849 664 2929 Episcopi
690 2850 793 2909 Sermo
821 2849 858 2907 de
884 2848 917 2908 S.
932 2848 1060 2926 Georgio

103 2945 196 3003 Mart.
1043 2947 1046 2951 '
1124 2960 1157 3018 15

61 3041 161 3100 Gente
182 3042 349 3102 Constantis
371 3043 527 3102 venerandi
553 3044 719 3102 Sacerdotis
742 3043 897 3102 Tractatus
925 3043 963 3100 de
987 3042 1059 3100 Pas·

102 3139 184 3198 sione
198 3149 228 3197 et
244 3139 346 3198 Gloria
360 3141 446 3198 Beati
462 3139 669 3199 Emmerammi
684 3139 838 3218 Martyris.

61 3233 217 3294 Aamormr
231 3257 284 3294 seu
297 3237 450 3296 Annonm
464 3257 501 3296 ex
517 3238 632 3295 comite
646 3237 853 3315 Vobburgensi
868 3236 1008 3294 Monachi
1028 3246 1059 3294 et
1122 3239 1125 3243 ’

103 3331 216 3391 Decani
239 3333 514 3392 Emmerammensis
536 3333 609 3392 Ord.
631 3333 662 3392 S.
684 3333 759 3391 Ben.
774 3332 907 3391 Homilia
928 3332 964 3392 de
983 3332 1060 3391 Octo

103 3427 343 3488 Beatitudinibus
356 3440 387 3488 et
401 3429 433 3487 S.
443 3429 660 3488 Emmerammo
675 3429 823 3507 Episcopo
836 3439 866 3487 et
881 3425 1025 3508 Martyre.
1124 3447 1161 3503 29

63 3525 205 3604 Ejusdem
229 3524 353 3584 Carmen
376 3525 407 3582 in
428 3525 528 3584 Vitam
555 3525 585 3584 S.
604 3525 812 3584 Emmerammi
833 3545 851 3583 a
872 3523 1059 3603 Meginfredo

103 3621 304 3700 conscriptam.
1121 3637 1158 3693 37

63 3717 236 3775 Bassorum
252 3717 377 3777 Abbatis
398 3717 557 3796 Augiensis
571 3718 643 3777 Ord.
660 3718 690 3777 S.
708 3719 780 3776 Ben.
796 3718 901 3775 Liber:
925 3715 1060 3787 Qualiter

102 3811 260 3873 Adventus
281 3815 402 3872 Domini
427 3814 599 3883 celebretur,
622 3815 740 3891 quando
764 3812 913 3871 Nativitaa
937 3811 1059 3869 Domini

103 3911 191 3970 Feria
204 3911 330 3970 secunda
345 3910 486 3970 evenerit.
1121 3926 1160 3985 39

61 4008 201 4088 Ejusdem
216 4009 306 4067 Ratio
325 4008 468 4086 generdis
489 4007 525 4065 de
543 4007 634 4065 Initio
648 4005 804 4064 Adventus
819 4004 938 4061 Domini
956 4024 1057 4062 secun-

101 4104 172 4163 dum
187 4105 390 4164 auctoritatem
406 4104 515 4162 Hilarii
530 4103 680 4182 Episcopi.
1121 4121 1160 4178 49

61 4201 203 4281 Ejusdem
217 4200 376 4279 Dialogus:
395 4201 531 4273 Qualiter
544 4210 669 4277 quatuor
684 4199 862 4277 Temporum
871 4196 991 4274 Jejunia
1007 4216 1060 4276 per
1119 4199 1122 4203 ’

102 4316 156 4358 sua
170 4297 297 4358 Sabbata
310 4299 370 4357 sint
383 4296 571 4357 observanda.
996 4292 1000 4297 ’
1120 4310 1137 4370 5
1140 4312 1157 4366 3

62 4395 202 4474 Ejusdem
217 4394 360 4473 Prologus
374 4395 403 4452 in
420 4393 591 4460 Tonarium,
606 4412 658 4452 seu
673 4393 794 4452 Librum
810 4393 846 4450 de
861 4392 984 4450 Musica.
1080 4389 1084 4397 '
1120 4392 1160 4465 69
