2790 4958
218 316 281 380 102
467 315 609 401 Bcsacpo
634 312 803 380 liccam
823 313 1096 380 Mammosam.

294 485 383 557 culis
416 493 542 570 auctae,
573 485 701 579 quibus
730 484 959 558 Praefationes
988 485 1196 571 Historicas,
1227 485 1320 559 Ani·

295 601 555 672 madversiones
581 601 740 685 Criticas,
766 610 804 672 ct
834 600 951 671 Notas
975 603 1013 672 in
1037 601 1194 696 singulos
1218 601 1319 675 Anc-

296 726 402 799 tores,
442 717 571 809 adjecit
607 716 763 788 Jacobus
800 715 972 812 Basnagc,
1012 740 1094 788 cum
1136 707 1319 792 Indicibus

296 833 591 926 locupletissimis.
645 833 927 918 Amstelaedami,
957 836 1052 927 apud
1086 835 1318 928 Rudolphum

296 959 335 1021 ct
352 949 575 1020 Gerhardum
593 948 824 1033 Wctstenios
842 968 1038 1020 mcccxxv.
1082 949 1127 1020 In
1143 951 1240 1023 folio.

264 1162 368 1227 Index
387 1161 502 1226 sistens
517 1161 685 1239 Auctores,
701 1159 874 1226 Tractatus
891 1167 924 1225 ct
940 1160 1100 1247 Opuscula
1117 1183 1189 1246 quae
1205 1183 1318 1226 unum·

222 1265 368 1350 quodque
383 1263 538 1328 Volumeu
552 1261 783 1350 complectitur.

656 1482 821 1547 TOMUS
847 1482 877 1548 1.

222 1638 370 1716 Excerpta
404 1658 441 1698 ex
468 1639 558 1697 Libro
586 1638 775 1697 Hieronr‘rr
804 1637 943 1717 Episcopi
974 1639 1146 1698 Portuensis
1179 1639 1217 1699 de

262 1735 422 1815 'I'heologia
449 1746 479 1795 et
506 1736 709 1794 lucarnatione
734 1745 834 1795 contra
854 1736 999 1794 Beronem
1021 1744 1052 1795 et
1070 1735 1215 1805 Hcliccm,

262 1832 364 1892 Gracc
377 1842 408 1892 et
421 1833 538 1899 Latine,
553 1853 629 1891 anno
645 1851 713 1906 230.
1214 1833 1288 1914 Peg.
1301 1855 1314 1894 r

223 1929 254 1988 S.
270 1928 432 1989 Ganooarr
446 1930 692 1988 Tuscusruner
710 1928 785 1989 XII.
801 1930 906 2008 Capita
926 1927 1062 1998 (1011110,
1082 1939 1113 1989 et
1133 1929 1214 1990 Ana-

261 2026 447 2097 thematismi,
463 2026 565 2085 Groece
578 2036 609 2085 ct
622 2026 738 2096 Latine,
752 2047 829 2086 anno
845 2042 912 2103 050.
1279 2045 1319 2087 00

221 2122 258 2180 Β.
274 2123 480 2191 sermome,
501 2123 642 2201 Episcopi
662 2124 822 2192 Thmueos,
846 2125 936 2184 Liber
959 2124 1097 2184 adversus
1118 2123 1217 2182 Mani-

260 2222 363 2289 choeos,
379 2221 480 2280 Graece
494 2230 524 2279 et
537 2220 617 2289 Lat„
632 2241 708 2279 anno
723 2240 791 2297 340·
1277 2238 1317 2299 35

220 2317 297 2376 Trrr
321 2316 487 2376 Bostrensis
509 2317 646 2395 Episcopi
659 2315 752 2376 'Libri
776 2328 847 2386 tres,
869 2338 928 2377 una
954 2339 1020 2378 cum
1044 2328 1217 2398 argumento

259 2413 326 2473 libri
339 2415 436 2493 quarti
448 2413 586 2474 adversus
596 2414 775 2474 Manichaeos
783 2438 793 2487 ;
816 2416 869 2475 Gr.
885 2427 915 2476 et
928 2417 1005 2485 Lat,
1020 2436 1097 2474 anuo
1111 2417 1180 2491 360.
1278 2418 1319 2494 56

220 2513 252 2572 S.
265 2513 382 2572 000011
397 2511 522 2571 Abbatis
535 2510 572 2570 de
586 2532 636 2571 sex
651 2512 874 2591 cogitationibus
889 2513 1062 2572 Sanctorum
1073 2513 1215 2584 Libellus,

260 2630 337 2669 anuo
352 2609 420 2685 360.
1261 2609 1317 2686 163

221 2706 252 2766 S.
273 2707 403 2766 Basrnrr
431 2705 536 2782 Magni
563 2704 704 2764 Rationes
732 2704 925 2786 syllogisticae
955 2716 1057 2764 contra
1084 2706 1215 2776 Arianos,

260 2804 375 2870 Latine,
391 2822 468 2861 anno
483 2816 550 2876 370.
839 2844 842 2849 -
1261 2803 1320 2880 169

220 2899 370 2958 Euuourr
392 2898 544 2957 Confessio
568 2897 662 2965 Fidei,
687 2896 827 2976 Apologia
848 2908 879 2958 et
903 2898 1050 2970 Scholion,
1072 2919 1124 2958 seu
1146 2899 1216 2959 Dis·

260 2998 375 3074 putatio
388 3016 454 3055 cum
470 2995 663 3067 Orthod0103
685 2996 784 3055 Graece
798 3006 828 3055 et
846 2996 957 3062 Latine,
972 3001 1048 3053 anno
1062 3011 1132 3071 370.
1261 3013 1317 3073 170

220 3093 377 3171 Expositio
391 3092 446 3151 SS.
459 3092 580 3151 Patrum
595 3093 697 3169 Magni
711 3092 840 3153 Basrnrr
855 3103 886 3152 et
897 3093 1061 3152 Ganoonrr
1073 3092 1217 3172 Theologi

261 3190 297 3249 de
310 3188 471 3248 orthodoxa
485 3187 552 3256 fide,
567 3208 644 3246 anno
659 3204 728 3263 370.
1261 3190 1319 3248 188

220 3285 355 3364 Epistola
383 3286 415 3345 S.
438 3286 601 3344 Ganooan
630 3286 779 3345 Nrssnur
812 3297 913 3347 contra
939 3287 1152 3365 Apollinarium
1180 3285 1218 3345 sd

261 3383 457 3461 Theophilum
472 3381 725 3455 Alexandrinum
741 3385 842 3443 Graece
857 3395 887 3443 et
900 3385 1016 3452 Latine,
1031 3404 1108 3443 anno
1123 3397 1191 3460 375.
1261 3399 1319 3460 190

220 3480 349 3539 Drnrnss
375 3479 569 3538 Alexandrini
591 3481 680 3540 Liber
707 3491 808 3540 contra
831 3481 1028 3552 Manichaeos3
1057 3480 1159 3539 Graece
1186 3489 1217 3539 et

259 3577 377 3644 Latine,
392 3596 468 3635 anno
483 3576 550 3651 380.
1260 3594 1317 3655 197

220 3674 261 3736 D.
284 3675 513 3733 Cnsrsosrour
541 3672 645 3732 Brevis
672 3672 879 3750 interpretatio
905 3673 937 3731 in
967 3673 999 3732 S.
1021 3672 1216 3752 Evangelium

260 3770 419 3830 secundum
433 3770 608 3838 Johannem,
621 3771 736 3839 Latine,
751 3790 827 3828 auno
842 3789 909 3847 390.
1260 3786 1318 3846 017

220 3867 261 3930 D.
277 3867 505 3930 Cunrsosuom
520 3864 655 3943 Epistola
668 3866 706 3925 ad
719 3867 876 3926 Caesarium
891 3867 1087 3936 Monachum
1111 3868 1218 3928 Latine

260 3985 326 4025 cum
339 3963 511 4049 fragmentis
525 3963 644 4023 Graecis.
1259 3965 1319 4023 006

219 4063 348 4122 Βο01011
364 4061 557 4120 seleuciensis
571 4061 791 4121 Demonstratio
808 4061 946 4121 adversus
963 4061 1084 4122 Judacos
1108 4062 1145 4123 de
1165 4062 1217 4123 ad-

258 4168 350 4217 ventu
364 4158 492 4230 Christi;
509 4158 610 4218 Graece
625 4169 655 4218 et
668 4159 785 4227 Latine,
800 4180 877 4218 anno
888 4177 959 4235 440.
1259 4162 1318 4237 038

219 4255 356 4312 Tmolus
372 4254 535 4314 Pacsrnar
549 4255 687 4333 Aquitani
708 4255 873 4314 Chronicon
889 4257 1036 4336 integrum
1057 4255 1093 4315 ab
1107 4255 1218 4316 Adamo

258 4350 295 4410 ad
309 4350 433 4410 Romam
447 4361 560 4428 captam
574 4371 592 4409 a
606 4351 763 4410 Genserico
775 4351 882 4412 Wand.
899 4352 990 4432 Rege,
1004 4372 1082 4414 anno
1094 4368 1167 4431 450.
1259 4371 1317 4432 050
