2790 4958
167 283 210 355 96
353 287 497 351 Mamm
518 296 545 352 θ’
566 287 704 352 mmm
723 287 926 374 *taphnim
947 288 1096 356 Gomon.

168 538 302 615 Epistola
317 539 412 596 ΡΙΤΜ
433 538 563 597 canonici
588 538 620 598 S.
639 538 759 599 Martini
781 539 935 600 Treceusis
958 540 996 600 sd
1017 542 1067 600 Jo.
1086 542 1164 603 Pict.
1207 460 1264 524 pag·

208 638 380 696 canonicum
396 638 426 694 S.
438 635 572 697 Victoris.
1206 660 1259 717 271

167 732 302 812 Epistola
329 733 484 790 Ganooan
514 752 595 790 rsrn
622 734 676 792 IX.
704 733 743 792 ad
768 734 901 793 abbatem
929 744 960 793 et
987 746 1165 795 conventum

208 832 239 889 S.
250 830 387 890 Victoris.
1208 853 1264 912 272

167 927 343 986 Miraculum
372 927 401 984 in
426 927 548 987 ecclesia
573 926 605 985 S.
622 927 754 987 Victoris
779 928 886 987 virtute
913 928 1003 988 sancti
1028 930 1164 1010 martyris

208 1034 363 1103 patratum.
1194 1027 1263 1087 ibid.

166 1120 289 1179 Litterae
302 1122 455 1178 Funcoms
471 1119 640 1180 Parisiensis
654 1120 791 1200 episcopi.
1206 1142 1261 1200 273

167 1217 283 1276 Notitia
296 1217 332 1277 de
351 1217 535 1277 contentione
556 1237 622 1275 cum
642 1216 779 1297 episcopo
792 1218 949 1279 Parisiensi
971 1219 1001 1279 in
1022 1219 1164 1280 electione

207 1315 290 1373 Petri
303 1314 396 1374 Ducis
409 1313 519 1373 abbatis
534 1315 565 1373 S.
576 1313 715 1373 Victoris.
1206 1334 1263 1395 274

165 1410 283 1470 Notitia
297 1409 333 1469 de
347 1412 535 1470 contentione
556 1431 623 1470 cum
640 1410 844 1470 archidiacono
858 1412 895 1472 de
908 1412 1018 1493 Josayo
1031 1424 1062 1473 et
1075 1433 1162 1472 cano·

205 1507 278 1567 nicis
293 1507 325 1565 S.
335 1507 463 1567 Victoris
477 1507 513 1566 de
527 1506 723 1567 installatione
736 1507 858 1567 abbatis.
1204 1528 1260 1586 275

165 1603 280 1663 Notitia
294 1605 330 1663 de
344 1603 530 1663 altercatione
551 1625 617 1663 cum
638 1615 755 1664 cantore
774 1604 928 1665 Parisiensi
950 1605 1062 1665 ratione
1078 1606 1161 1684 jnra-

204 1702 294 1760 menti
310 1703 377 1759 novi
391 1702 511 1760 abbatis.
1203 1705 1262 1778 276

164 1796 280 1856 Notitia
304 1797 340 1856 de
361 1796 547 1856 altercatione
568 1817 633 1857 cum
653 1798 855 1857 archidiacono
876 1799 912 1858 de
925 1799 1026 1859 Josaio
1046 1800 1160 1859 ratione

205 1894 393 1953 ordinationis
406 1893 614 1971 religiosorum.
1188 1897 1260 1956 ibid.

164 1994 211 2051 De
236 1992 323 2050 modo
345 1990 500 2070 recipiendi
523 1992 728 2070 archiepiscopi
750 1992 926 2053 Senonensis
953 2004 1004 2052 aut
1031 1994 1172 2073 episcopi

205 2088 374 2147 Parisieusis
388 2107 455 2146 cum
469 2088 588 2146 visitant
602 2087 819 2148 monasterium.
1202 2107 1259 2167 277

162 2186 283 2246 Litterae
297 2187 390 2243 Purar
408 2186 535 2265 episcopi
552 2185 718 2247 Parisiensis
739 2186 883 2246 demissa
907 2187 1028 2246 solemni
1051 2188 1082 2246 in
1104 2190 1157 2247 ho·

202 2303 302 2342 norem
325 2283 363 2340 Β.
379 2280 483 2339 Maria
508 2281 610 2340 diebus
638 2282 750 2340 sabbati
774 2281 955 2352 celebranda,
972 2294 1003 2341 et
1023 2283 1060 2343 de
1080 2285 1156 2344 anti·

201 2381 297 2459 phona
311 2379 342 2437 in
356 2380 413 2437 fine
427 2377 609 2456 completorii
623 2377 812 2437 decantanda.
1187 2383 1258 2441 ibid.

160 2477 281 2537 Litterae
293 2478 453 2536 Jcasnurs
467 2474 619 2534 cardinalis
633 2475 669 2533 de
685 2473 874 2552 indulgentiis
892 2476 1035 2536 concessis
1049 2476 1093 2535 his
1106 2479 1158 2555 qui

201 2574 348 2634 ecclesiam
364 2573 395 2630 S.
406 2570 536 2630 Victoris
550 2581 580 2630 et
594 2570 774 2648 prioratuum
790 2570 853 2647 ejus
868 2570 1057 2642 visitaverint,
1071 2583 1102 2632 et
1119 2572 1156 2631 sd

200 2668 358 2748 reparanda
372 2667 489 2726 aedificia
502 2667 680 2727 contulerint
694 2665 865 2725 subsidium.
1200 2686 1258 2744 279

161 2765 293 2824 Historia
307 2763 490 2824 Viconiensis
503 2761 667 2821 monasterii
682 2762 791 2820 ordinis
805 2761 1099 2823 Praemonstratensis.
1199 2766 1253 2822 281

161 2860 350 2921 continuatio
377 2858 505 2918 chronici
531 2879 548 2917 a
575 2861 716 2917 Nrconso
744 2878 782 2916 mr
810 2859 975 2917 Monmonr
1003 2859 1067 2936 ejus
1094 2859 1149 2919 loci

200 2957 341 3015 canonici.
1198 2957 1257 3032 296

160 3055 307 3113 Fundatio
333 3053 498 3113 monasterii
526 3052 690 3132 Altoe-ripoe
717 3051 826 3112 ordinis
853 3050 1061 3117 Cisterciensis,
1086 3050 1154 3110 filia

199 3151 339 3210 Ceri-loci
353 3151 389 3211 de
402 3151 477 3210 linea
491 3150 690 3210 Clarae-vallis.
1194 3166 1251 3222 311

159 3248 290 3308 Historia
313 3249 479 3308 monasterii
500 3246 644 3306 aKenlos
664 3246 774 3304 ordinis
789 3243 989 3303 Cisterciensis
1011 3243 1040 3301 in
1055 3244 1154 3303 Scotia

198 3347 381 3405 aJoasnna
404 3347 560 3403 Fannnmo
585 3342 804 3403 Pedemontano
830 3342 960 3420 ejusdem
985 3342 1152 3400 monasterii

198 3442 347 3511 monacho,
362 3441 469 3518 scripta
483 3460 558 3497 anno
572 3456 751 3496 unxxxvrr.
1193 3454 1253 3513 319

157 3537 289 3596 Historia
302 3536 482 3596 fundationis
496 3535 665 3594 venerabilis
679 3533 806 3592 ecclesia
820 3533 897 3592 beati
910 3531 943 3589 N
944 3530 1029 3590 icolai
1042 3531 1151 3610 Oigna·

196 3635 297 3700 censis,
312 3653 345 3691 ac
360 3632 469 3691 ancillae
484 3632 593 3690 Christi
604 3630 705 3688 Mariae
720 3628 919 3706 Oignacensis.
1193 3643 1251 3702 327

156 3731 260 3789 Brevis
286 3729 406 3788 historia
435 3729 544 3788 ordinis
575 3729 699 3786 fratrum
728 3723 964 3793 Praedicatorum,
993 3735 1112 3783 auctore

195 3848 349 3905 anonymo.
1192 3841 1248 3898 331

155 3923 329 3981 Brevissima
343 3922 477 3981 chronica
494 3923 695 4000 magistrorum
717 3917 895 3997 generalium
917 3915 1026 3976 ordinis
1041 3916 1149 3975 Praedi·

194 4029 333 4078 catorum.
418 4080 421 4085 Α
1191 4033 1251 4090 344

153 4114 295 4174 Bernardi
306 4115 461 4173 Gmnonrs
475 4113 590 4174 libellus
604 4134 655 4173 seu
669 4122 810 4172 tractatus
823 4111 1026 4190 magistrorum
1039 4110 1151 4170 ordinis

193 4210 429 4277 Praedicatorum,
445 4231 557 4270 necnon
572 4222 602 4270 et
616 4209 744 4291 priorum
759 4207 979 4286 provincialium
994 4205 1149 4286 provincia

193 4309 351 4366 Provincia
365 4328 417 4366 seu
432 4307 592 4365 Tolosanse.
1191 4306 1249 4383 398

153 4403 284 4464 Historia
311 4403 516 4461 fundationum
545 4413 740 4462 conventuum
769 4399 878 4458 ordinis
908 4399 1133 4458 Praedicatorum
