2790 4958
245 313 310 376 raa
625 311 823 374 raasson
843 308 999 395 apansa

247 499 294 539 ra.
310 481 413 541 Oratio
426 481 457 537 in
472 480 637 557 Ingressum
648 480 753 558 Jejunii
769 479 1044 558 Quadragesimalis.

248 597 293 654 13.
309 578 413 637 Oratio
427 587 526 635 contra
543 575 735 634 Fomicerios.

247 693 291 748 14.
306 676 431 733 Lacunae
446 673 575 751 quaedam
597 675 626 730 in
645 672 725 732 libris
739 683 840 730 contra
855 671 1034 730 Eunomium
1055 693 1091 730 ex
1112 672 1185 732 Cod.
1202 675 1343 734 Bavarico

283 782 313 830 et
327 770 500 846 Lirinejano
514 769 664 848 suppletae.

247 887 291 944 15.
307 865 451 925 Addenda
466 866 556 924 Notis
571 866 729 924 Frontonis
744 866 846 925 Ducaei
861 866 929 926 Soc.
943 867 1017 925 Jesu
1033 866 1185 945 Theologi.

244 965 382 1043 Ejusdem
396 963 499 1021 Oratio
513 963 543 1020 in
558 963 768 1041 Apostolorum
784 962 935 1042 Principes
951 963 1072 1022 Petrum
1087 974 1118 1021 et
1133 963 1270 1023 Paulum.

243 1061 273 1119 S.
288 1061 462 1118 Anssrssn
485 1061 621 1117 Sinarus
632 1060 751 1134 ‘0311le
766 1080 817 1118 seu
833 1058 898 1118 Viae
922 1059 992 1116 Dux
1014 1071 1114 1118 contra
1128 1058 1295 1140 Acephalos
1310 1074 1341 1121 et

283 1156 463 1215 Severianus.

243 1254 383 1334 Ejusdem
399 1252 593 1324 Quaestionem
609 1262 639 1310 et
654 1251 869 1330 Responsiones
889 1271 974 1311 cmv.
990 1251 1027 1310 de
1047 1254 1135 1312 variis
1154 1255 1342 1331 argumentis,

283 1370 348 1409 cum
364 1350 472 1427 insigni
485 1350 643 1407 auctuario.

243 1449 382 1529 Ejusdem
396 1448 428 1506 S.
437 1446 617 1505 Anssrssn
633 1447 776 1506 Srnsrrra
791 1447 895 1506 Oratio
909 1447 946 1506 de
964 1468 1042 1506 sacra
1056 1448 1172 1527 synaxi,
1186 1459 1217 1507 et
1231 1448 1267 1508 de
1281 1470 1341 1506 non

278 1545 446 1622 judicando,
461 1563 549 1622 seque
563 1543 708 1603 oblivione
721 1543 903 1620 injuriarum.

409 1722 512 1786 Index
532 1743 641 1785 eorum
661 1743 731 1806 quae
752 1721 852 1785 Turno
874 1718 951 1787 XV.
967 1723 1179 1788 continentur.

241 1863 379 1921 Gnoson
410 1861 523 1918 Comus
553 1859 736 1937 Curopalatae
763 1859 853 1918 Liber
884 1860 921 1918 de
951 1860 1071 1927 Officiis,
1100 1871 1130 1918 et
1158 1859 1340 1919 Officialibus

279 1960 396 2036 Magna
419 1956 566 2022 Ecclesiae,
588 1967 618 2014 et
646 1955 733 2013 Aulae
761 1957 1089 2036 Constantinopolitanae
1117 1977 1153 2016 ex
1179 1957 1284 2016 Graeco
1309 1958 1340 2014 in

281 2057 419 2114 Latinum
434 2054 601 2113 translatus.

241 2153 277 2210 ln
297 2153 403 2210 librum
427 2150 545 2228 Georgii
564 2151 670 2209 Codini
693 2151 877 2231 Curopalatae
901 2150 938 2210 de
962 2152 1083 2219 Officiis,
1098 2164 1128 2210 et
1148 2151 1339 2220 Officialibus,

281 2252 333 2308 &c
344 2249 623 2308 Commentariorum
639 2249 705 2307 libri
720 2259 791 2309 tres.

241 2363 400 2443 syntagma
420 2362 456 2420 de
471 2362 650 2440 Imaginibus
670 2381 758 2420 manu
781 2382 839 2419 uon
861 2361 955 2428 factis,
970 2360 1064 2439 deque
1085 2361 1149 2421 aliis
1170 2382 1187 2419 a
1208 2360 1241 2419 S.
1257 2363 1340 2421 Luca

281 2460 375 2539 pictis.

240 2558 394 2618 Orationes
420 2557 478 2616 IX.
504 2557 626 2615 Luonrs
656 2556 851 2636 Imperatoris.
888 2576 913 2614 1.
939 2556 975 2613 In
1004 2557 1189 2636 Sepulturam
1218 2556 1338 2616 Christi.

283 2676 309 2714 2.
326 2656 362 2714 In
377 2655 630 2715 Resurrectionem
645 2654 763 2712 Christi.
794 2672 822 2728 3.
839 2653 875 2711 In
889 2652 1097 2712 Ascensionem
1113 2656 1232 2714 Christi.
1258 2674 1289 2728 4.
1302 2654 1339 2712 In

282 2754 485 2812 Pentecosten.
524 2769 551 2826 5.
572 2750 608 2808 Iu
632 2750 752 2808 Festum
775 2749 951 2807 Palnrarum.
992 2751 1021 2808 6.
1037 2751 1072 2809 Iu
1098 2752 1339 2832 Assumptionem

282 2850 319 2907 B.
336 2848 475 2927 Virginis.
513 2866 540 2923 7.
555 2848 592 2905 In
610 2847 876 2906 Annunciationem
895 2846 932 2904 B.
946 2847 1086 2924 Virginis.
1120 2849 1147 2906 8.
1169 2851 1205 2908 ln
1227 2849 1340 2909 Decol-

281 2945 415 3004 lationem
439 2945 471 3003 S.
486 2944 507 3001 J
509 2945 609 3002 oannis
630 2943 781 3022 Baptistae.
824 2963 853 3018 9.
870 2942 906 3000 In
920 2964 1020 3011 omnes
1035 2945 1165 3005 Sanctos.

242 3044 411 3102 Tasonour
420 3042 584 3101 Annonam
598 3042 737 3120 Episcopi
751 3040 843 3099 Cariae
852 3041 1002 3119 Opuscula
1016 3041 1119 3102 XLII.
1131 3055 1230 3103 contra
1244 3048 1340 3106 varios

282 3140 451 3199 Haereticos.

242 3238 428 3295 Hrrronrrr
451 3238 582 3296 Thebani
604 3237 777 3302 Chronicon,
793 3234 839 3293 rel
863 3235 962 3313 potius
983 3236 1178 3314 fragmentum
1200 3239 1339 3301 Chronici

281 3355 347 3393 cum
362 3335 447 3392 uotis.

242 3432 403 3490 Duodecim
419 3431 662 3489 Anathematismi
681 3429 712 3488 S.
722 3430 885 3488 Gaaaoan
902 3429 1146 3488 Tnsunarusnr
1161 3451 1226 3490 cum
1242 3433 1339 3512 expli·

282 3531 404 3588 catione.

246 3626 394 3685 Varicrum
411 3625 581 3702 Pontificum
595 3624 631 3682 ad
647 3623 766 3681 Petrum
779 3623 949 3701 Cnspheum
962 3622 1179 3702 Eutychianum
1195 3624 1339 3705 Epistola

282 3722 380 3781 decem
397 3721 636 3780 Graeco-Latinae.

242 3820 402 3879 Gasuoan
417 3817 585 3877 Aclnnrru
600 3816 681 3874 Libri
696 3816 755 3875 duo
768 3816 806 3875 de
819 3816 966 3887 Essentia,
981 3827 1011 3875 et
1026 3817 1203 3896 Operatione
1215 3819 1283 3878 Dei.

242 3915 516 3974 Animadversiones
538 3924 568 3972 et
589 3913 766 3973 Notationes
787 3913 817 3971 in
834 3913 973 3972 Historiae
988 3914 1226 3973 Cantacuaenicre
1248 3937 1265 3974 a
1285 3915 1339 3976 Ja-

282 4013 353 4072 cobo
367 4013 498 4070 Pontano
513 4011 545 4069 S.
557 4011 587 4069 J.
602 4010 707 4068 Latine
720 4009 840 4068 redditae
853 4009 932 4069 locos
945 4009 1056 4087 aliquot
1070 4031 1171 4088 parum
1185 4032 1278 4072 sanos.

244 4108 453 4186 Prolegomena
473 4118 503 4167 et
519 4109 608 4166 Notae
632 4106 663 4164 in
683 4106 827 4166 Simeonis
847 4107 868 4164 J
870 4107 988 4176 unieris,
1005 4107 1156 4186 Theologi,
1171 4109 1338 4179 Orationes,

283 4224 375 4266 sacras
389 4204 654 4272 commentationes,
670 4205 724 4262 &c

243 4302 331 4361 Notae
344 4301 375 4358 in
391 4300 543 4379 Dioptram
560 4300 689 4380 Philippi
705 4299 843 4368 solitarii,
859 4301 987 4379 aliosque
1000 4301 1146 4362 Auctores
1159 4303 1323 4380 adjunctos.
