2790 4958
403 287 544 353 Kollon’i
557 287 707 352 Analecta
720 288 992 355 Mammam.

145 525 290 585 Recensio
309 525 494 585 Statutorum
515 538 546 587 et
560 527 780 606 Privssegiornm
795 527 896 606 Regia
908 526 1068 586 Academia
1082 528 1142 584 Po·
1234 492 1242 506 .

186 621 292 690 risinae,
308 643 374 681 cum
393 623 509 701 integro
528 623 587 682 alio
607 623 765 683 eorundem
786 633 1042 682 monumentorum
1063 631 1143 681 cata·

185 717 253 797 logo
266 739 344 778 nunc
358 719 484 798 primum
498 719 587 779 edito.
1184 734 1242 794 307

187 930 343 996 Recensio
365 931 502 996 XXIV.
517 955 614 997 mann
635 940 841 998 exaratorum
862 932 1006 997 codicum
1026 931 1243 997 caramerum

142 1032 186 1096 ad
201 1032 302 1096 vitam
316 1040 349 1098 et
363 1056 415 1098 rss
435 1040 544 1120 gestas
563 1034 669 1099 Caroli
690 1035 737 1099 M.
752 1034 999 1120 pertinentium
1023 1055 1064 1098 ex
1086 1031 1200 1118 quibus
1222 1052 1243 1094 a

143 1135 316 1200 Lambecio
329 1137 602 1222 vulgata-inerunt
616 1138 702 1202 haeo:

143 1281 192 1357 (1)
210 1282 260 1340 Ex
273 1282 372 1341 codice
387 1282 569 1342 Psalmorum
578 1283 664 1358 jussu
679 1283 776 1342 Caroli
786 1282 833 1340 M.
843 1303 861 1341 a
871 1281 1001 1360 Dagulfo
1014 1279 1139 1358 quodam

183 1380 301 1458 scripto,
337 1399 396 1457 quo
430 1381 467 1437 B.
504 1380 701 1458 Hildegardis,
730 1379 827 1438 Caroli
854 1379 900 1435 M.
930 1377 1057 1454 Conjux,
1089 1396 1141 1434 usa

183 1475 276 1535 fuisse
294 1475 399 1544 fertur,
419 1477 594 1556 amplissima
614 1476 819 1556 prolegomena
842 1495 909 1533 cum
928 1473 1038 1532 Titulis
1059 1471 1141 1531 Psal-

183 1592 309 1630 morum.
1102 1584 1240 1644 345-347

142 1670 191 1744 (a)
209 1668 241 1727 S.
257 1669 419 1728 Gnscoau
441 1671 488 1728 M.
501 1669 747 1738 Benedictionnle‚
763 1669 949 1728 aLambecio
963 1687 1016 1746 pro
1029 1665 1141 1724 inedito

184 1766 328 1834 habitum,
345 1766 562 1844 vulgatumque.
1180 1780 1238 1837 415

143 1862 194 1939 (3)
211 1861 344 1940 Antiqua
364 1862 490 1921 formula
514 1862 702 1922 confessionis
722 1862 891 1922 auricularis
908 1862 1072 1929 Theotisca,
1093 1882 1139 1920 re·

182 1959 320 2016 cautioris
335 1959 506 2017 Teutonicae
530 1958 647 2017 dialecti
667 1959 798 2017 versione
819 1957 998 2017 interlineari
1019 1957 1140 2015 aLam-

182 2053 265 2112 becio
279 2055 432 2131 explicata.
1180 2051 1241 2125 446

143 2153 196 2228 (4)
213 2151 362 2230 Anonymi,
386 2152 447 2228 qui,
470 2161 505 2210 nt
526 2172 563 2210 ex
588 2150 715 2230 Prologo
742 2151 904 2233 intelligere
932 2151 1009 2218 licet,
1032 2169 1138 2209 cccm.

182 2248 266 2306 annis
286 2259 352 2326 post
375 2249 487 2307 obitum
509 2248 606 2307 Caroli
627 2249 673 2307 M.
688 2259 817 2324 tempore
836 2248 1022 2326 Imperatoris
1034 2247 1137 2306 Fride·

182 2343 236 2402 rici
250 2345 276 2402 1.
292 2345 367 2402 circa
387 2365 494 2403 annum
516 2363 639 2403 crocnx.
654 2345 739 2410 vixit,
755 2343 897 2422 Prologus
911 2355 970 2401 tam
987 2344 1138 2422 generalis,

183 2460 270 2518 quam
285 2440 425 2518 cujusque
439 2441 506 2499 libri
520 2442 673 2519 singularis
686 2462 745 2500 una
759 2463 825 2501 cum
844 2442 971 2519 capitum
986 2461 1139 2518 argumen.

184 2539 223 2596 tis
236 2539 325 2597 trium
339 2537 479 2596 librorum
493 2537 530 2597 de
543 2541 697 2598 sanctitate
714 2538 884 2596 meritorum
905 2547 935 2595 et
949 2535 1041 2614 gloria
1053 2536 1137 2594 mira·

183 2635 315 2694 culorum
332 2634 363 2693 S.
379 2635 477 2693 Caroli
490 2636 536 2692 M.
1179 2636 1239 2711 469

142 2735 193 2809 (5)
210 2732 279 2789 Duo
299 2730 502 2810 supplementa
525 2732 665 2790 Historiae
688 2731 725 2790 de
751 2731 840 2810 gestis
864 2729 962 2789 Caroli
982 2729 1028 2786 M.
1050 2729 1139 2806 vulgo

184 2825 1136 2906 Turpino,vel'l'ilpinoRbemensinmArchiepiscopo,adscripta.
1179 2827 1238 2901 478

142 2927 193 3003 (6)
209 2925 374 3002 specimina
388 2924 491 2982 Divini
505 2924 602 2982 Officii
615 2935 645 2982 et
659 2925 757 2983 Missae
771 2924 808 2982 de
822 2924 854 2981 S.
870 2922 967 2981 Caroli
981 2923 1025 2980 M.
1177 2924 1239 2998 489

142 3022 193 3099 (7)
210 3021 341 3081 Annales
353 3021 524 3088 Fuldenses,
534 3042 570 3079 ex
581 3023 712 3080 Caesareo
724 3021 824 3079 codice
835 3041 852 3078 a
862 3020 1019 3078 Lambecio
1029 3020 1139 3078 frustra

183 3120 325 3197 castigati,
339 3139 398 3177 non
412 3118 511 3176 inutili
523 3129 620 3176 tamen
635 3117 837 3196 supplemento
852 3116 971 3195 expleti.
1180 3135 1240 3192 500

142 3217 191 3292 (8)
208 3216 391 3276 Eornmdem
408 3215 577 3286 Annalium,
593 3237 611 3274 a
631 3216 760 3274 Frehero
777 3227 808 3274 et
829 3214 985 3273 Duchenio
1006 3213 1138 3290 vulgato-

183 3334 259 3383 rum,
286 3312 389 3372 lacuna
416 3313 519 3390 ingens
546 3335 583 3372 ex
610 3314 783 3371 membranis
811 3311 958 3376 Caesareis‚
983 3309 1139 3368 Lambecio

182 3410 301 3490 ignotis,
317 3430 395 3468 nunc
408 3409 533 3489 primum
547 3410 670 3487 expleta.
1179 3422 1237 3481 523

142 3510 191 3586 (9)
208 3508 319 3566 Breues
345 3505 477 3565 Annales
504 3505 692 3571 Francorum,
717 3525 769 3583 pro
797 3502 915 3561 ineditis
938 3521 955 3558 a
982 3501 1138 3559 Lambecio

181 3603 282 3672 habiti,
297 3624 328 3662 re
342 3604 405 3683 ipsa
418 3614 515 3662 antem
532 3603 603 3662 Pars
616 3604 695 3682 prior
712 3600 847 3661 Chroaicz'
862 3596 1126 3657 Hildesheimensis.
1180 3613 1239 3674 549

141 3704 155 3775 (
163 3705 211 3774 ιο)
227 3701 435 3778 Fragmentum
446 3699 607 3758 Annalium
621 3699 827 3758 Francicorum
841 3696 877 3754 ab
891 3715 967 3753 anno
982 3712 1136 3752 roccxmv.

182 3797 325 3874 usquead
339 3817 447 3854 annum
464 3815 601 3855 roccam.
644 3796 767 3855 Auctore
781 3817 835 3853 aon
850 3793 1006 3871 designato.
1179 3809 1235 3868 571

141 3896 209 3968 (11)
227 3893 381 3972 Specimen
396 3893 543 3951 Poematis
563 3891 600 3951 de
622 3893 722 3951 Rebus
744 3892 834 3970 gestis
856 3889 953 3948 Caroli
967 3889 1013 3946 M.
1029 3899 1059 3946 et
1073 3888 1137 3945 Ru.

180 3990 271 4056 laudi,
292 3988 420 4066 antiquis
440 3988 583 4066 rhythmis
607 3988 795 4056 Germanicis,
818 4006 941 4064 quorum
964 3995 1074 4051 auctor,
1092 3983 1139 4042 vel

180 4086 273 4165 magis
287 4086 473 4154 instaurator,
488 4086 705 4144 Suarcnnnuu
720 4105 750 4143 se
765 4084 902 4170 adpellat.
1180 4081 1237 4156 587

141 4184 211 4260 (12)
228 4184 323 4242 Breve
344 4180 578 4262 supplementum
594 4182 734 4241 Historia
749 4181 901 4239 Tannum
917 4178 1137 4258 Chorespiscopi

182 4280 373 4349 Trevirensis,
388 4279 425 4338 de
440 4279 540 4338 Rebus
554 4299 571 4336 a
584 4278 735 4337 Lndovico
750 4275 806 4334 Pio
820 4275 895 4353 Imp.
908 4276 1006 4352 gestis.
1180 4292 1238 4351 594
