2790 4958
138 310 202 370 aaa
344 307 432 371 Maii
447 308 636 392 Scriptorum
659 305 798 370 Votorum
812 305 904 384 Novo
922 302 1069 370 Collectio.

139 477 261 535 Codices
276 476 383 534 Slavici
397 476 589 535 Bibliothecae
604 475 764 535 Vaticanus.
1096 476 1170 554 Peg.
1190 495 1241 534 101

139 574 261 632 Codices
277 572 371 631 Indici
387 572 576 631 Bibliothecae
591 573 751 631 Vaticanus.
1189 590 1244 629 112

139 669 261 727 Codices
276 669 392 747 Coptici
408 668 598 728 Bibliothecae
613 669 773 728 Vaticanus.
1189 688 1247 743 114

86 754 89 760 ¹
138 765 225 824 Della
240 767 272 823 N
273 766 375 825 anione
386 765 432 824 dei
445 763 534 844 Copti
547 787 563 824 e
578 764 654 824 della
665 766 798 825 Validita
809 766 856 825 del
871 767 1058 826 Sacramento
1072 766 1141 825 dell'

179 863 291 922 Ordine
315 883 414 942 presso
437 863 501 921 loro
529 863 747 921 Dissertatione
772 863 801 922 di
828 865 977 943 Giuseppe
1008 862 1142 922 Simonio

178 960 332 1020 Assemani
354 971 502 1040 composta
523 961 792 1037 uell’anu01733.
817 981 833 1020 0
856 971 1023 1020 conservata
1046 961 1076 1018 in
1100 981 1141 1019 un
1170 1017 1174 1024 ,

129 1129 132 1133 ¹
179 1058 278 1116 codice
294 1057 448 1116 Vaticano.
1171 1057 1174 1062 '

138 1155 260 1213 Codices
275 1153 443 1212 Armeniaci
458 1154 649 1213 Bibliotheca
665 1155 824 1215 Vaticana.

138 1251 260 1308 Codices
275 1250 381 1309 Iberici
397 1248 587 1309 Bibliothecae
603 1251 764 1309 Vaticanus.

564 1431 730 1494 TOMUS
754 1431 815 1494 VI.

292 1561 402 1626 Romae
418 1524 516 1648 Typis
532 1564 699 1650 Vaticanis
714 1587 910 1627 unocoxxxn.
930 1565 1086 1649 vulgatus.

348 1715 421 1792 Hoc
438 1728 607 1794 Volumina
622 1730 826 1794 continentur
840 1730 874 1793 in
889 1732 989 1794 Parte
1006 1729 1031 1792 I.

137 1862 501 1944 Theodori-Mopsuesteui
517 1867 750 1926 Commentarius
764 1868 794 1924 in
810 1866 926 1926 Oseam.

522 1963 756 2022 Commentarius
770 1964 801 2021 in
815 1963 836 2020 J
837 1964 938 2022 oelem.

523 2060 757 2119 Commentarius
771 2061 801 2118 in
817 2061 970 2120 Amosum.

524 2158 758 2217 Commentarius
772 2158 802 2215 in
818 2156 955 2217 Abdiam.

522 2255 757 2314 Commentarius
770 2256 800 2312 iu
815 2255 836 2312 J
837 2275 932 2313 onam.

521 2346 756 2410 Commentarius
770 2352 800 2410 iu
816 2353 985 2411 Michaeum.

521 2448 755 2508 Commentarius
769 2449 799 2506 in
814 2450 996 2508 Nahumum.

520 2546 753 2604 Commentarius
766 2547 797 2602 in
813 2547 1012 2606 Habacucum.

520 2643 752 2702 Commentarius
766 2644 797 2700 in
813 2643 1000 2722 Sophouiam.

518 2740 752 2798 Commentarius
766 2740 796 2797 in
813 2739 964 2818 Aggaeum.

520 2837 753 2896 Commentarius
767 2839 796 2894 in
812 2837 991 2894 Zachariam.

520 2935 753 2992 Commentarius
767 2933 797 2990 in
813 2933 999 2991 Malachiam.

135 3030 282 3109 Excerpta
296 3048 333 3089 ex
348 3030 494 3109 Operibus
509 3029 595 3087 variis
616 3031 788 3088 Turnonem
813 3029 942 3107 ejusdem
965 3050 1017 3108 per
1039 3029 1136 3088 Leon·
1236 3012 1239 3017 ¹

173 3128 258 3185 tium.
1188 3193 1203 3211 ,γ

134 3223 321 3283 ΤΗ11011111111
357 3225 528 3304 Disputatio
562 3224 689 3284 secunda
716 3242 782 3283 cum
811 3224 937 3283 Nersete
966 3224 1134 3284 Patriarcha

173 3323 390 3381 Armeniorum.
1173 3342 1235 3398 314

134 3419 376 3497 Supplemeutum
392 3421 609 3498 Disputationis
623 3420 723 3499 primae
739 3420 938 3478 Tnnoamnn.
1174 3440 1237 3493 410

133 3517 281 3595 Excerpta
295 3537 332 3574 ex
347 3517 489 3596 Epistolis
504 3518 673 3576 Nuusurrs
689 3516 865 3594 Patriarcha
878 3515 1096 3575 Armeniorum.
1173 3534 1234 3594 415

574 3695 613 3759 In
628 3695 729 3760 Parte
745 3693 790 3758 ΙΙ.

131 3846 277 3905 Annosns
292 3849 412 3906 senioris
427 3847 621 3909 vercellensis
636 3850 776 3928 Episcopi
793 3849 1026 3907 Testamentum.
1215 3870 1232 3926 3

131 3944 278 4002 Anneius
289 3946 414 4022 junioris
430 3946 624 4005 Vercellensis
639 3936 780 4027 Episcopi
795 3949 959 4006 Sermones.
1197 3970 1232 4009 11

131 4040 283 4099 Erusuunt
300 4043 485 4121 Polyptieum
501 4063 552 4101 seu
565 4044 813 4121 'Perpendiculum
828 4065 894 4104 cum
908 4045 1010 4124 priscis
1025 4045 1157 4105 Scholiis.
1192 4054 1233 4123 4'3

130 4134 277 4197 Annorum
293 4138 455 4198 Cardinalis
470 4139 647 4218 Capitulare.
1193 4147 1238 4204 60

130 4233 266 4311 Epistola
280 4235 410 4312 quaedam
426 4235 581 4295 Canonica.
1176 4260 1231 4300 101

130 4328 271 4389 Rsurun
281 4330 544 4392 Autissiodorensis
554 4334 786 4396 Commentarius
796 4335 987 4416 imperfectus
997 4338 1028 4396 in
1038 4338 1154 4399 Ossam.
1176 4357 1238 4415 103·
