2790 4958
357 282 447 344 Perii
467 279 653 346 Bibliotheca
674 283 822 346 Attalica.

54 533 134 592 Ven.
150 533 287 592 lusurus
301 553 342 592 nu
358 535 593 598 Euuaunoonn,
605 533 730 593 Abbatis
742 533 967 594 Waldsussensis
980 534 1053 592 Ord.
1150 486 1155 498 Ι

95 631 170 688 cist.
194 629 312 689 devita
339 630 545 690 venerabilium
573 631 784 689 Monacborum
811 631 984 690 Monasterii
1009 632 1054 689 sui

95 726 196 785 Liber.

55 825 199 904 Anonymi
211 824 394 884 Benedictini
408 844 456 882 an.
468 842 575 883 nocco.
598 823 741 903 Epistola
754 823 792 881 de
806 823 1017 883 consuetudine
1031 834 1062 883 et

94 920 183 979 modo
197 920 314 979 vivendi
329 921 546 979 Coeuobitarum
561 920 737 978 Monasterii
752 918 947 979 sublacensis.
1094 939 1152 996 491

54 1018 134 1077 Ven.
148 1018 300 1075 Mannum
314 1037 354 1075 un
366 1018 522 1084 Sammo,
533 1015 632 1075 seculo
645 1014 717 1075 XV.
741 1015 852 1074 Prioris
862 1016 1053 1083 Malliacum,

96 1115 252 1174 Tuitiones
266 1136 318 1195 pro
330 1113 522 1173 observantia
534 1112 655 1191 Regula
670 1111 702 1171 S.
713 1112 748 1171 P.
761 1111 914 1171 Benedicti
929 1113 960 1171 in
974 1113 1053 1171 Cou-

94 1211 163 1270 cilio
178 1211 347 1270 Basileensi.
1095 1229 1151 1286 503

56 1309 196 1388 Ejusdem
219 1308 352 1388 Epistola
375 1306 413 1365 de
434 1305 523 1365 Statu
544 1304 718 1364 Monastcrii
742 1304 960 1365 Bursfeldeusis
979 1305 1052 1365 Ord.

96 1404 130 1463 S.
145 1404 255 1463 Bened.
1094 1420 1154 1479 550

57 1502 94 1560 G.
106 1500 143 1558 A.
158 1500 373 1580 Arcbiepiscopi
395 1499 561 1558 Thebarum
585 1498 720 1577 Epistola
740 1496 777 1557 ds
797 1499 954 1557 recentiori
974 1511 1052 1558 statu

95 1598 343 1656 Monastsriorum
361 1595 601 1674 congregationis
622 1595 839 1654 Bursfeldensis
860 1606 890 1654 et
912 1596 1052 1654 Benedic-

94 1695 320 1754 tino-Bavarioa
333 1696 388 1753 sub
401 1693 490 1753 titulo
504 1692 559 1751 SS.
575 1691 757 1770 Angelorum
772 1691 945 1750 Custodum.
1091 1696 1151 1768 556

53 1794 87 1852 S.
106 1793 245 1851 Joauurs
265 1791 461 1849 Camenam
490 1788 563 1848 Ord.
594 1788 657 1845 EF.
688 1788 765 1846 Min.
795 1788 938 1867 Epistola
967 1789 1051 1848 duae:

96 1891 197 1948 Prima
216 1890 253 1948 de
274 1888 432 1947 Catholicae
452 1886 536 1946 Fidei
558 1905 711 1966 progressu
734 1885 763 1942 in
783 1885 938 1955 Moraria3
963 1885 1053 1944 altera

95 1987 133 2046 de
153 1985 277 2066 publicis
297 1995 328 2044 ct
348 1981 520 2064 promiscuis
541 1981 653 2040 balneis
668 1980 892 2060 Religiosorum,
907 2002 974 2041 cum
991 1982 1053 2038 ani.

94 2083 294 2142 madversione
319 2081 440 2140 Tuon
464 2099 506 2138 nu
530 2080 653 2145 Pauus,
680 2077 792 2137 Prioris
815 2078 997 2138 Mellicensis
1023 2078 1053 2137 in

95 2181 227 2240 eandem.

54 2280 216 2337 Uuausror
244 2295 286 2334 uu
309 2274 506 2340 Wuruuam,
529 2273 580 2350 qui
608 2293 684 2331 anno
711 2291 907 2332 uocoouvur.
933 2275 963 2332 in
985 2276 1053 2333 Mo.

95 2374 222 2433 nasterio
243 2370 392 2430 Diessensi
414 2371 577 2428 Canonious
600 2369 753 2448 Regularis
775 2371 811 2428 0.
825 2370 856 2428 S.
871 2371 951 2449 Aug.
966 2370 1051 2435 vixit,

96 2469 231 2552 Epistola
244 2469 281 2528 de
294 2466 531 2527 tribulationibus
544 2477 575 2525 et
588 2465 723 2545 procellis
737 2467 910 2526 Monasterii
925 2467 980 2526 sui.
1094 2482 1153 2541 574

55 2569 266 2631 Coenobitoram
281 2565 488 2625 Mellicensiam
503 2564 637 2644 Epistola
652 2565 809 2644 Eucyclica
822 2564 859 2623 de
879 2566 963 2624 obitu
978 2566 1051 2624 Van.

95 2666 213 2726 Nicolai
228 2665 264 2723 de
278 2663 386 2721 Manen
400 2660 526 2721 Abbatis
539 2671 569 2721 et
584 2662 796 2721 Reformatoris
812 2662 868 2730 sui,
883 2663 944 2720 rita
957 2661 1052 2720 functi

94 2786 172 2824 anno
186 2780 373 2822 uccccxxvr.
1094 2759 1152 2833 578

55 2864 131 2922 Ven.
147 2862 284 2919 Joaurus
299 2878 340 2916 nu
358 2859 535 2924 Wnurnma
551 2877 626 2915 anno
643 2876 811 2916 uccccurx.
835 2858 960 2916 Abbatis
974 2856 1051 2916 Mel-

94 2958 219 3022 licensis,
248 2954 391 3034 Epistola
418 2954 455 3012 de
482 2954 662 3012 restituenda
693 2953 849 3012 universim
880 2956 911 3011 in
939 2954 1052 3012 Ordine

95 3056 128 3114 S.
144 3053 298 3112 Benedicti
318 3051 484 3109 Monastica
504 3049 674 3130 Disciplina,
687 3052 718 3109 'et
739 3051 920 3130 procuranda
940 3051 1049 3109 rituum

94 3174 128 3212 ao
141 3150 387 3210 observantiarum
401 3146 613 3206 conformitate.
1091 3147 1147 3220 581

53 3250 131 3308 Ven.
150 3248 288 3306 Cassam
310 3244 540 3310 Arunosrrnn,
564 3263 640 3301 anno
662 3262 815 3302 ucoccux.
846 3242 971 3302 Abbatis
992 3243 1050 3302 Te-

94 3343 283 3423 gernseeusis,
298 3339 432 3419 Epistola
446 3338 575 3415 ejusdem
589 3339 763 3416 argumenti.
1092 3340 1150 3412 588

54 3441 264 3501 Coenobitantm
289 3435 540 3515 Tegernseensiam
562 3435 696 3514 Epistola
723 3434 879 3513 Eucyclica
903 3433 940 3493 de
966 3435 1049 3493 obitu

93 3537 224 3618 praedicti
238 3536 363 3594 Abbatis
376 3535 423 3592 sui
436 3534 566 3612 Caspari.
677 3546 681 3552 “
788 3539 791 3545 ’
1092 3533 1151 3607 589

54 3637 229 3694 Bnnuarnr
255 3651 295 3689 nn
317 3632 464 3700 ermo,
489 3649 566 3687 anno
591 3648 758 3688 ucocouxr.
788 3627 899 3686 Prioris
920 3627 1048 3705 Tegean-

94 3730 211 3799 seeusis‚
226 3728 361 3807 Epistola
385 3727 421 3785 de
445 3725 574 3802 ejusdem
588 3727 713 3784 Abbatis
736 3725 829 3792 obitu,
854 3734 884 3782 at
909 3722 1050 3782 electione

94 3825 220 3886 Conradi
235 3826 275 3884 V.
291 3824 420 3901 ejusdem
434 3823 491 3882 loci
506 3822 639 3880 Abbatis.
1090 3835 1147 3893 595

52 3925 190 4005 Ejusdem
217 3922 362 3985 Causam
393 3920 517 3978 Abbatis
546 3919 685 3996 Tegerns.
730 3916 896 3975 Jouarrnus
924 3913 1049 3973 Abbatis

92 4019 280 4085 Mellicensis,
310 4018 521 4076 Muuouronrs
557 4014 616 4073 Ab.
649 4013 680 4071 S.
708 4011 886 4071 Udalriciani
918 4010 1047 4088 August.

93 4117 185 4176 Vind.
206 4119 259 4174 &a
294 4114 437 4193 Epistola
460 4114 497 4172 de
517 4112 634 4171 Unione
654 4109 899 4170 Mouastsriorum
921 4108 992 4168 Ord.
1016 4108 1047 4166 S.

94 4212 205 4273 Bened.
219 4213 250 4271 iu
268 4210 432 4271 Germania.
1090 4206 1146 4262 601

581 4325 591 4362 ι
610 4323 625 4361 2
1076 4302 1088 4324 ⁴
