2790 4958
254 323 318 385 158
543 316 836 383 BoluziictMcmi
850 315 1058 382 Miscellaneam.

1293 481 1349 543 Pag.

295 571 394 638 dorici
410 569 592 629 coloniensis
605 567 836 648 Arcbiepiscopi‚
847 567 932 644 jussu
952 565 990 624 ad
1007 563 1111 624 Patres
1125 562 1251 623 concilii

296 666 470 726 Basileensis
484 667 579 724 missa.
1293 661 1350 736 678

255 765 366 822 AEuss
380 764 496 822 Srnvu
506 761 637 821 Libellus
650 761 840 838 dialogorum,
851 759 887 818 de
901 759 1059 818 autoritate
1071 757 1252 838 generalium

295 860 489 918 Consiliorum
512 870 543 918 et
564 858 653 936 gestis
672 857 882 916 Basileenaium
904 856 1039 934 scriptus,
1064 875 1098 914 ac
1121 855 1253 933 responsi

295 956 359 1015 loco
383 955 420 1015 ad
438 956 620 1034 superiorum
641 955 815 1013 sententiam
839 953 1060 1013 ColonIenribus
1082 952 1251 1012 submissus.

296 1053 399 1112 Prodit
408 1074 486 1112 nunc
497 1053 622 1132 primum
634 1052 665 1110 iu
679 1051 774 1112 lucem
784 1072 821 1111 ex
834 1052 910 1111 binis
924 1072 1013 1110 manu
1025 1051 1151 1111 exaratis
1165 1049 1250 1110 codd.

297 1150 444 1208 Caesareis.
1294 1147 1352 1206 686

256 1248 366 1305 AEunn
380 1246 497 1305 Suavis
511 1245 612 1305 eadem
627 1246 664 1305 de
676 1267 708 1305 re
722 1246 760 1304 ad
775 1246 963 1325 Hartungum
978 1244 1136 1324 Capellam,
1152 1245 1251 1324 Impe-

297 1343 386 1400 ratori
400 1341 549 1400 FriderIcc
563 1342 623 1401 ΙΙΙ.
638 1363 656 1400 a
669 1342 797 1408 secretis,
811 1343 943 1421 epistola,
957 1343 1097 1400 hactenus
1110 1340 1230 1398 iuedita.
1295 1354 1352 1415 790

256 1438 399 1497 Annona
422 1439 575 1498 Bcrsarmrr
597 1438 745 1506 Praefatio,
767 1459 845 1496 nunc
864 1439 989 1517 primum
1006 1437 1134 1515 vulgata,
1150 1436 1252 1495 Philo.

297 1535 380 1594 strati
394 1535 514 1594 senioris
535 1536 679 1614 operibus,
694 1536 725 1593 iu
739 1535 878 1594 Latinum
893 1556 1053 1595 sermonem
1074 1535 1110 1594 ab
1131 1555 1166 1594 eo
1183 1555 1252 1594 con·

296 1632 383 1691 versis
407 1631 534 1710 praefixa,
556 1631 592 1690 cd
613 1631 757 1691 Mathiam
780 1632 939 1690 Corvinum
961 1632 1120 1710 Huugariae
1140 1631 1251 1710 Regem

297 1728 333 1786 de
347 1729 433 1786 rebus
446 1729 478 1785 in
492 1727 616 1788 Austria
628 1738 730 1787 contra
743 1729 819 1808 Imp.
833 1729 1014 1789 Fridericum
1026 1729 1086 1788 111.
1100 1730 1137 1788 ab
1150 1729 1252 1788 eodem

297 1824 395 1902 gestis.
1295 1826 1352 1882 810

258 1920 377 1999 Sylloge
399 1920 601 2000 diplomatum,
624 1921 797 1989 litterarum,
822 1923 966 1982 Actorum
989 1923 1170 2002 publicorum
1196 1924 1249 1981 &c

298 2038 421 2094 quorum
443 2018 609 2076 testimonio
634 2030 664 2077 et
685 2018 742 2077 fide
762 2038 809 2078 res
822 2018 993 2088 Austriacae‚
1009 2020 1185 2098 Hungaricae
1200 2023 1250 2079 &c

298 2115 334 2172 ab
361 2114 435 2192 Imp.
460 2114 607 2173 Friderico
634 2134 726 2191 usque
751 2115 787 2173 ad
812 2135 920 2174 annum
944 2127 1253 2195 crcccccn111.gestac

299 2212 330 2269 in
353 2211 454 2290 primis
476 2212 611 2270 nituntur
622 2234 631 2282 3
660 2212 756 2270 omnia
780 2232 858 2271 nunc
881 2213 1007 2291 primum
1029 2212 1150 2272 collecta
1170 2224 1201 2272 et
1221 2214 1253 2272 in

298 2307 394 2368 lucem
409 2307 529 2387 prolata.
1295 2312 1353 2388 827

740 2440 868 2510 XXX.

302 2578 412 2643 Editio
441 2578 590 2643 Lucensis
616 2579 744 2642 Balczii
768 2578 1031 2643 Miscellaneam
1059 2580 1201 2646 collectio
1225 2588 1356 2647 tantum

259 2704 323 2746 non
344 2703 426 2746 nova
445 2688 503 2746 est.
549 2681 758 2745 Doctissimus
780 2681 863 2745 euim
884 2682 997 2760 editor,
1012 2681 1156 2746 Joannns
1177 2683 1355 2748 Donrnrcus

262 2784 378 2860 Mausr,
394 2782 551 2868 permulta
566 2782 668 2846 omnis
688 2784 813 2869 generis
834 2783 955 2848 inedita
975 2791 1180 2850 monumenta
1195 2808 1265 2870 quae
1280 2785 1355 2851 bac-

258 2893 353 2950 tenus
376 2884 409 2947 in
434 2884 632 2949 bibliothecis
656 2885 777 2951 Italicis
799 2886 969 2964 latuerant,
993 2886 1123 2972 singulis
1145 2887 1355 2953 voluminibus

260 2986 401 3051 inseruit.
446 2987 523 3051 Alia
537 3009 633 3052 cause
651 2994 701 3053 est
715 3011 771 3052 cur
792 2989 911 3053 indices
932 2989 1026 3074 hujus
1046 2989 1193 3054 editionis
1213 2990 1355 3077 integros

260 3089 444 3168 describam,
469 3092 554 3176 quod
578 3091 616 3155 cl.
643 3090 774 3176 Ittigius
797 3091 830 3154 in
855 3113 912 3155 suc
934 3091 1089 3156 Tractatu
1112 3093 1152 3157 de
1175 3092 1257 3157 Bibl.
1286 3093 1355 3158 ΡΡ.

259 3216 293 3278 p.
307 3212 434 3278 gro-33
438 3213 468 3278 5.
492 3193 629 3278 quinque
655 3193 848 3258 collectionis
870 3193 1050 3258 Baluzianae
1074 3202 1178 3259 tomos
1199 3204 1354 3275 recenset,

259 3302 415 3380 praeterea
438 3295 574 3359 nullum:
606 3302 718 3381 utpote
742 3318 814 3360 cum
837 3296 917 3360 tomi
943 3298 1014 3376 duo,
1041 3305 1151 3363 sextus
1176 3297 1296 3363 scilicet
1322 3306 1356 3362 et

259 3395 420 3481 septimus,
436 3404 509 3483 post
524 3398 591 3483 ejus
606 3399 728 3464 obitum
742 3399 843 3462 lucem
858 3399 1080 3484 adspexcrunt.

261 3583 431 3676 Stephani
459 3585 595 3657 Baluzii
623 3586 821 3657 Tutelensis
849 3587 1080 3658 Miscellanea
1109 3611 1201 3658 novo
1233 3591 1356 3660 ordine

334 3700 470 3795 digesta
488 3709 524 3770 et
542 3725 613 3772 uon
629 3703 749 3794 paucis
766 3703 907 3772 ineditis
926 3701 1171 3774 Monumentis
1188 3714 1357 3796 opportu-

333 3817 457 3908 nisque
485 3815 859 3890 Animadversionibus
886 3825 990 3888 aucta
1021 3817 1140 3910 Opera
1165 3842 1206 3889 ac
1237 3821 1356 3891 studio

334 3931 358 4002 J
360 3934 481 4002 oannis
500 3932 678 4003 Dominici
696 3933 816 4004 Mansi
835 3933 1014 4004 Lucensis.
1066 3934 1197 4006 Tcmus
1215 3934 1356 4007 Primus

333 4050 518 4119 continens
553 4048 791 4120 Monumeuta
819 4047 999 4119 Historica
1033 4058 1111 4119 tum
1145 4073 1243 4120 sacra
1276 4058 1356 4121 tum

332 4165 487 4257 profana.
571 4165 676 4235 Lucae
718 4185 891 4236 MDchxu
968 4163 1078 4257 Apud
1121 4164 1355 4236 Vincentium

333 4278 566 4350 Junctinium.
632 4279 859 4372 superiorum
895 4279 1083 4350 Permissu.
1145 4280 1356 4373 Sumptibus

331 4393 356 4464 J
357 4396 479 4466 oannis
497 4394 705 4464 Riccomini.
