2790 4958
433 331 727 396 Bataziiecmami
740 332 951 396 Misottama.
1180 333 1245 394 185

574 539 731 605 TOMUS
754 539 812 603 lv.

181 675 342 740 Elenchus
357 697 468 739 eorum
483 698 554 760 quae
568 676 602 738 in
616 698 659 738 ιν.
675 682 709 739 ot
723 674 836 738 ultimo
851 674 978 737 Tomoe
995 674 1207 739 continentur.

142 827 279 886 Historia
293 827 467 885 Monasterii
482 827 660 904 Figiacensis
673 826 703 883 in
718 825 848 883 Dioeccsi
862 825 1049 883 Cadurcensi.
1141 828 1212 905 Pag.
1228 847 1239 884 1

143 924 386 1002 Eloquentissimi
400 923 466 981 Viri
486 923 655 982 Leonanur
673 921 843 979 Aunsnrsr
866 922 969 979 Oratio
990 922 1021 978 in
1039 922 1143 983 funere

184 1021 302 1079 Nannis
317 1021 428 1078 Strozae
443 1020 562 1097 Equitis
576 1019 748 1077 Florentini.
1226 1039 1242 1076 2

144 1119 262 1176 Pocsn
277 1116 441 1175 Florentini
456 1117 559 1174 Oratio
572 1118 603 1173 in
617 1116 720 1173 funere
734 1114 881 1172 Leonardi
894 1113 1037 1173 Arretini.
1225 1117 1243 1172 8

144 1215 305 1272 Generatio
324 1211 474 1271 Guillelmi
490 1211 634 1278 Bastardi,
649 1222 680 1270 et
693 1210 874 1287 quorundam
888 1209 1010 1267 aliorum
1024 1230 1141 1289 magno·

184 1331 261 1368 rum.
1208 1332 1240 1369 11

144 1404 282 1485 Epistola
296 1406 444 1464 Hasn1c1
460 1407 501 1464 ΙΙ.
518 1406 608 1484 Regis
627 1404 742 1484 Angliae
761 1405 798 1464 de
817 1405 948 1464 custodia
966 1406 1087 1465 abbatiae
1111 1407 1142 1466 S.

186 1501 300 1559 Juliani
315 1501 504 1561 Turonensis.
766 1520 770 1526 ·
1207 1525 1243 1563 12

134 1592 264 1656 ¹Notitia
277 1597 314 1656 de
328 1597 469 1656 electione
484 1597 608 1657 Abbatis
624 1599 778 1657 Vosiensis.
1173 1602 1244 1660 ibid.

145 1695 268 1753 Litterae
279 1693 473 1752 Cuamnsurs
487 1695 544 1752 VI.
559 1695 596 1754 de
610 1695 791 1773 Episcopatu
806 1695 934 1754 Ostiensi
950 1695 1055 1755 collato
1077 1698 1143 1755 Ste-

187 1791 283 1869 phano
297 1790 444 1849 Cardinali
458 1791 540 1850 tituli
554 1791 728 1849 Sanctorum
742 1791 885 1850 Johannis
898 1802 929 1850 et
944 1791 1039 1850 Pauli.
1207 1813 1242 1868 13

613 1941 772 2006 Oarmina.

144 2075 286 2132 Ancum
301 2075 436 2132 Carmina
448 2071 583 2152 ponenda
596 2073 626 2129 in
641 2072 765 2149 quodam
781 2072 888 2132 Codice
903 2074 998 2132 Sacrae
1013 2075 1180 2153 Scriptura.
1208 2094 1243 2150 13

145 2168 345 2227 Wsuarnrm
361 2170 482 2227 Suum
497 2169 534 2228 de
549 2167 674 2226 Basilica
692 2167 808 2226 condita
821 2189 838 2227 a
852 2168 955 2248 Bugge
975 2170 1034 2229 filia
1055 2171 1144 2250 Regis

187 2263 314 2341 Angliae.
1209 2282 1245 2337 14

147 2360 298 2418 Rnaassr
313 2346 425 2416 Msuiu
439 2359 477 2417 ad
491 2357 676 2416 Hcistulsum
690 2357 961 2437 Archiepiscopum.
1173 2360 1245 2418 ibid.

148 2455 334 2515 Fuouossm
350 2454 518 2534 Presbyteri
532 2454 691 2512 Remensis.
1174 2453 1245 2511 ibid.

149 2552 355 2610 Tnnonorucr
370 2551 397 2608 1.
413 2550 552 2629 Episcopi
566 2550 720 2608 Metensis.
1172 2550 1244 2607 ibid.

147 2649 385 2707 Anaunnnoms
399 2648 443 2705 11.
459 2647 598 2727 Episcopi
613 2647 766 2706 Metensis.
1174 2647 1244 2706 ibid.

149 2745 333 2802 Gnuzomur
357 2743 578 2822 Archiepiscopi
607 2742 808 2812 Bituricensis,
830 2753 860 2801 et
884 2740 1008 2801 Abbatis
1033 2743 1145 2801 Floria-

189 2841 292 2899 censis.

147 2934 288 2994 Vr'rsms
302 2935 428 2995 Abbatis
442 2936 678 3014 savigniacensis.

149 3031 293 3089 Cononis
308 3031 448 3110 Episcopi
461 3033 578 3090 incertae
593 3032 695 3090 aetatis.

149 3128 275 3186 Carmen
289 3128 320 3184 in
334 3127 450 3186 laudem
465 3127 496 3186 S.
508 3126 641 3186 Anselmi
654 3127 875 3208 Archiepiscopi
890 3127 1115 3187 cantuariensis.
1174 3126 1246 3185 ibid.

148 3222 314 3302 Epicedion
328 3224 359 3280 in
374 3224 487 3282 obitum
502 3223 641 3300 ejusdem.
1210 3224 1248 3280 16

149 3317 309 3377 Accusatio
323 3330 423 3378 contra
438 3319 556 3378 Heliam
571 3321 750 3399 Episcopum
764 3320 1013 3380 Aurelianensem.
1130 3351 1134 3357 v
1210 3321 1247 3377 18

149 3414 338 3493 Indulgentia
362 3415 430 3473 data
451 3415 592 3475 Ecclesiis
615 3415 855 3475 Oluniacensibus
879 3418 972 3475 Italiae
994 3437 1011 3475 a
1034 3417 1146 3476 Panno

190 3512 308 3572 Abbate
322 3513 518 3571 Cluniacensi.
1175 3514 1246 3572 ibid.

148 3609 286 3689 Epistola
301 3610 417 3668 Primis
431 3610 608 3688 Argonensis
620 3610 658 3668 ad
677 3610 799 3668 Petrum
814 3607 959 3669 Abbatem
974 3609 1145 3668 Cluniacen-

191 3726 260 3764 sem.
1176 3705 1247 3765 ibid.

149 3801 228 3860 Acta
242 3801 280 3861 de
292 3803 478 3861 matrimonio
492 3800 616 3860 Amedei
627 3801 685 3860 IV.
697 3802 820 3861 Comitis
836 3801 987 3860 Sabaudiae
1001 3821 1067 3860 cum
1083 3801 1146 3858 Cae·

192 3897 257 3957 cilia
271 3898 331 3955 filia
345 3898 470 3956 Barralli
485 3897 521 3956 de
536 3900 626 3956 Bauz.
1211 3917 1248 3973 19

150 3992 299 4051 Formuloe
314 4005 434 4052 veteres.
1210 4012 1247 4050 ao

151 4086 326 4147 Hmcunar
345 4088 566 4168 Archiepiscopi
586 4090 738 4150 Remensis
757 4091 891 4171 Epistola
910 4092 947 4150 ad
965 4093 1148 4150 Ludovicum

193 4185 253 4242 Ill.
269 4185 380 4262 Regem
396 4185 574 4243 Francorum
588 4186 624 4244 de
638 4187 779 4245 electione
794 4188 932 4268 Episcopi
946 4190 1141 4250 Belvacensis.
1211 4207 1226 4244 a
1229 4205 1245 4259 3

453 4375 467 4411 1³
485 4363 535 4421 Qui
546 4379 611 4413 anno
624 4377 775 4413 mucctxrv.
789 4366 901 4429 wlgatus
911 4378 954 4416 est
