2790 4958
274 1308 587 1397 EPlSTOLA
621 1309 706 1395 AD
745 1309 1113 1398 LECTOREM.

553 1633 833 1675 ...φ-...-

148 1894 347 2059 QUUM
372 1899 503 1991 possim
531 1919 651 1985 meum
681 1897 899 1990 propositum
928 1898 966 1967 in
995 1894 1062 1968 hoc
1087 1904 1241 1968 tractatu

251 2029 494 2120 componendo
523 2031 646 2122 paucis
674 2029 861 2122 explicare,
887 2051 959 2099 non
988 2036 1043 2099 est
1072 2028 1165 2120 quod
1195 2037 1242 2111 te,

145 2157 277 2230 Lector
298 2160 479 2244 benevole,
504 2160 610 2255 longa
635 2162 844 2253 praefatione
869 2183 1012 2251 morer.⁴
1044 2161 1164 2244 Quem
1185 2161 1244 2232 hio
1318 2244 1320 2249 ¹

142 2293 181 2361 in
204 2315 307 2363 usum
331 2292 398 2363 tibi
425 2293 542 2376 offero,
566 2293 708 2363 libellus
733 2315 799 2362 nec
824 2313 988 2384 praecone
1014 2293 1160 2386 indiget,
1183 2316 1245 2365 ne-

95 2392 223 2545 ?que,
252 2432 293 2493 ut
320 2447 431 2518 spero,
457 2425 651 2496 defensore.
714 2423 864 2494 Nullam
889 2425 984 2495 enim
1009 2423 1153 2494 landem
1176 2423 1243 2494 nisi

95 2592 108 2663 Γ
143 2555 339 2651 diligentiae
366 2566 474 2650 atque
503 2556 668 2628 utilitatis
697 2557 764 2628 sibi
797 2565 946 2650 arrogat.
1011 2556 1112 2627 Bona
1136 2557 1245 2651 igitur

95 2664 118 2779 ,ἶ
141 2696 207 2759 tua
223 2690 327 2761 venia
343 2692 430 2761 mihi
448 2691 563 2772 liceat,
582 2691 719 2761 omissis
742 2690 958 2784 ambagibus,
975 2691 1012 2759 in
1035 2689 1168 2760 medias
1189 2711 1244 2760 res

95 2856 107 2903 ,-
142 2828 182 2890 te
198 2843 330 2914 rapere.

95 2906 153 3189 {lx
194 3084 393 3178 Incipiente
406 3086 691 3180 duodevigesimo
707 3085 849 3168 saeculo,
862 3085 1073 3156 clarissimus
1089 3085 1242 3159 Tronis

95 3192 316 3309 ,xllrflews
335 3217 536 3310 Lipsiensis,
554 3218 607 3286 vir
623 3217 669 3287 de
684 3216 811 3288 studiis
828 3215 1084 3288 Ecclesiasticis
1108 3218 1242 3310 optime

95 3326 119 3401 l
141 3349 300 3432 meritus,
330 3347 529 3420 Trnotom
550 3347 593 3420 de
614 3345 838 3420 Bibliothecis
860 3357 893 3420 et
920 3347 1061 3422 Colania
1081 3349 1241 3434 Patrem,

95 3404 317 3603 {toanrw
350 3491 499 3553 vabrum
531 3480 750 3577 Scriptorum
779 3479 1100 3562 Ecclesiasticoaum
1128 3481 1242 3555 codec-

101 3606 318 3705 {tionibus
352 3616 390 3684 in
421 3615 600 3707 publicam
636 3615 753 3685 lucem
787 3615 908 3684 edidlt.
973 3617 1017 3686 In
1050 3617 1118 3687 hoc
1151 3617 1240 3688 libro
1339 3610 1342 3615 ⁴

95 3708 365 3946 {doctissimus
391 3746 450 3816 ille
480 3755 604 3817 auctor
639 3768 760 3816 omnes
796 3748 969 3818 editiones
1003 3747 1241 3836 Bibliotheca-

95 3952 126 4071 }
184 3978 200 4010 ὃ
220 3968 260 4026 D.
283 3967 403 4026 'l'homae
432 3969 526 4048 lttigii
554 3969 591 4027 de
614 3968 667 4026 Bi.
718 3964 944 4035 Basileensibus,
968 3968 1127 4046 Tigurinis,
1158 3970 1241 4029 Pari·

141 4061 295 4122 bliotheois
322 4074 353 4122 et
381 4064 499 4124 Catenis
535 4065 666 4134 Petrum,
718 4062 868 4133 aiensibus,
899 4062 1129 4134 coloniensibus,
1161 4067 1242 4146 Lug·

142 4157 286 4234 variisque
318 4169 449 4218 veterum
486 4159 667 4238 Scriptorum
718 4159 907 4229 dunensibus,
922 4159 1123 4231 Leidensibus,
1141 4163 1241 4240 Ingol.

142 4251 413 4312 Ecclesiasticorum
450 4254 669 4314 collectionibus
719 4255 920 4324 stadiensibus,
970 4256 1241 4336 Antverpiensibus,

764 4376 826 4442 ad
