2790 4958
421 311 571 376 Daclorii
593 311 801 398 Spicilapiom
1120 314 1163 378 77

1104 481 1162 543 Pag.

59 580 183 637 Caracal
199 578 274 638 v11.
291 579 425 658 Epistola
439 579 476 637 ad
491 579 646 637 Nicolaum
663 581 771 658 Papam
788 581 827 637 V.
1104 594 1161 655 772

60 679 236 736 Farorrarcr
251 677 437 756 Imperatoris
452 675 586 755 Epistola
600 675 636 746 ad
653 676 805 734 Sabaudiac
821 677 945 735 Ducem.
1105 693 1160 752 773

60 774 185 833 Caaoar
202 774 274 833 VII.
290 772 425 852 Epistola
438 773 474 830 ad
490 772 673 830 cardinalem
688 773 853 830 Nicaenum.
1092 772 1162 830 ibid.

61 869 272 928 conclusiones
286 868 389 927 Dioetae
403 867 744 946 Asselaffemburgensis.
1092 866 1161 926 ibid.

60 966 201 1024 Nrconar
224 966 317 1023 Para
335 965 375 1025 V.
399 964 534 1044 Epistola
556 963 592 1022 ad
614 963 805 1023 Guillehnum
831 963 961 1023 Francia
986 967 1062 1023 Can-

102 1061 263 1120 cellarium.
1106 1078 1163 1136 774

61 1159 204 1238 Ejusdem
226 1158 314 1217 Bulla
336 1158 367 1216 in
387 1158 564 1225 Amedaum‚
586 1179 644 1236 qua
666 1178 733 1216 eum
758 1158 837 1216 omni
859 1158 988 1216 dominio
1010 1158 1062 1216 Sa-

102 1255 217 1314 baudiae
233 1255 337 1334 privat.
1093 1255 1164 1314 ibid.

60 1352 204 1432 Ejusdem
226 1352 325 1418 Bulla,
346 1373 403 1430 qua
425 1352 522 1410 omnia
546 1371 611 1429 quae
636 1351 805 1410 Schismatis
827 1362 958 1430 tempore
981 1363 1064 1430 gesta

103 1459 174 1507 sunt
188 1448 269 1507 nulla
283 1469 345 1506 esse
360 1448 499 1507 decernit.
1090 1448 1163 1507 ibid.

61 1545 242 1612 Faruaaror
263 1545 451 1625 Imperatoris
473 1543 608 1623 Epistola
627 1543 663 1602 ad
684 1543 819 1602 Carolum
835 1544 909 1601 VII.
926 1545 1053 1604 Franco·

101 1662 168 1700 rum
185 1642 306 1720 Regem.
1106 1658 1142 1717 77
1146 1658 1162 1718 5

62 1739 202 1798 Nrcornr
219 1739 311 1798 Para
325 1739 365 1798 V.
381 1739 517 1817 Epistola
531 1738 569 1796 ad
582 1739 727 1797 eumdem.
1105 1739 1165 1814 776

62 1836 186 1894 Casum
204 1836 277 1894 VII.
294 1835 429 1914 Epistola
443 1835 480 1893 ad
494 1834 713 1912 Sigismundum
727 1836 857 1894 Austriae
868 1836 992 1894 Ducem.
1095 1835 1164 1893 ibid.

62 1933 205 1991 Nrcoaar
222 1933 314 1991 Para
329 1933 370 1991 V.
387 1932 522 2011 Epistola
536 1932 573 1990 ad
588 1933 724 1990 carolum
739 1932 809 1992 VII.
1106 1948 1162 2008 777

62 2028 210 2107 Magistri
221 2029 387 2107 Hospitalis
401 2029 564 2089 Jerusalem
579 2028 716 2108 Epistola
729 2029 766 2087 ad
780 2030 923 2088 eumdem.
1094 2028 1164 2087 ibid.

64 2123 220 2183 Oratorum
246 2124 363 2183 Nicolai
389 2124 477 2204 Papae
499 2127 532 2182 V.
557 2135 587 2182 et
611 2124 707 2182 Caroli
727 2124 802 2183 VII.
829 2137 969 2185 tractatus
997 2145 1063 2183 curn

105 2221 281 2280 Oratoribus
295 2220 431 2292 Amedei‚
446 2221 506 2280 sive
521 2221 628 2280 Felicis
643 2222 730 2300 Papae
745 2221 784 2279 V.
1093 2221 1163 2280 ibid.

64 2321 218 2376 oratorum
232 2317 350 2376 Nicolai
367 2319 455 2397 Papoe
469 2318 510 2376 V.
528 2330 560 2376 et
572 2318 716 2376 Ludovici
736 2318 876 2397 Delphini
892 2320 1064 2378 Viennensis

103 2426 247 2474 tractatus
260 2436 326 2473 curn
342 2415 455 2474 iisdem.
1107 2417 1164 2490 778

62 2511 224 2571 Decretum
244 2511 354 2590 Syaodi
370 2512 580 2580 Lousoneasis,
602 2531 661 2589 quo
686 2513 805 2589 abrogat
827 2532 962 2570 censuras
981 2531 1063 2570 occa-

104 2608 186 2667 sione
200 2608 363 2667 schismatis
376 2606 510 2667 inflictas.
1094 2606 1164 2665 ibid.

62 2704 206 2764 Nruoaar
229 2706 322 2763 Para
339 2704 378 2762 V.
404 2704 541 2784 Epistola
567 2705 604 2763 ad
629 2705 765 2763 Carolum
789 2705 858 2764 Vll.
884 2706 1063 2764 Francorum

106 2800 229 2879 Regem.

62 2898 224 2955 Decretum
246 2898 356 2976 Synodi
373 2896 583 2963 Lausoaensis,
603 2917 662 2974 quo
683 2908 745 2956 rata
766 2919 827 2957 esse
849 2900 978 2958 decernit
999 2917 1065 2976 quae

104 2993 267 3052 schismatis
281 3004 412 3071 tempore
426 3003 490 3051 acta
504 3003 582 3051 sunt.
1108 2995 1165 3068 780

62 3091 198 3150 Arranar
220 3090 291 3149 ‹licti
307 3089 440 3148 Faarcrs
459 3090 552 3148 Para
566 3090 606 3148 V.
620 3091 738 3158 Litcrae,
753 3092 859 3168 quibus
876 3092 1002 3151 declarat
1023 3112 1063 3162 se,

104 3187 221 3247 tametsi
237 3188 362 3266 Papatui
387 3189 548 3256 renunciet,
572 3209 606 3248 ea
630 3209 694 3266 quae
718 3189 764 3247 sui
785 3189 917 3268 Papatus'
934 3200 1065 3267 tempore

104 3296 169 3345 acta
183 3295 253 3344 sunt
268 3295 331 3344 rata
344 3305 407 3343 esse
421 3284 505 3343 velle.
1108 3287 1164 3357 782

67 3382 205 3461 Ejusdem
233 3382 352 3447 Literae,
381 3381 488 3458 quihus
515 3381 634 3459 abrogat
662 3400 796 3440 censuras
823 3402 923 3440 omncs
953 3383 1065 3440 ratione

106 3479 269 3536 schismatis
283 3478 366 3536 latas.
1094 3476 1166 3537 ibid.

65 3575 206 3655 Ejusdem
220 3576 338 3641 Literae,
351 3575 459 3652 quibus
477 3573 655 3643 Electiones‚
677 3575 837 3654 privilegia,
860 3585 890 3633 et
911 3585 1014 3634 coetera
1034 3574 1065 3632 id

105 3691 199 3752 genus
213 3693 229 3729 a
243 3693 274 3730 se
288 3671 401 3737 collata,
416 3671 542 3729 valitura
556 3671 695 3730 decernit.
1035 3692 1038 3696 ·
1108 3671 1164 3744 783

64 3769 180 3828 Jacoar
195 3768 382 3826 Juvanaars
403 3786 446 3825 oa
462 3767 600 3825 Uasrnrs
618 3767 758 3846 Episcopi
774 3767 974 3834 Ficariensis,
990 3767 1063 3846 Epi·

106 3865 183 3924 stola
197 3864 232 3923 ad
249 3865 398 3923 Cameram
414 3865 627 3942 computorum
642 3863 844 3922 Parisiensem.
1108 3865 1166 3940 784

65 3963 98 4020 N
99 3981 203 4021 rcoaar
220 3962 314 4020 Parra
331 3963 365 4021 V.
381 3961 478 4028 Bulla,
493 3981 551 4038 qua
564 3961 660 4019 irritas
674 3960 803 4019 decernit
817 3980 952 4020 censuras
965 3981 1065 4021 omnes

106 4059 220 4116 ratione
234 4057 396 4117 schismatis
409 4057 542 4115 inflictas.
1095 4057 1166 4116 ibid.

65 4154 188 4213 Caaoar
204 4154 274 4212 VII.
292 4153 426 4233 Epistola
440 4153 476 4212 ad
490 4152 646 4212 Nicolaum
662 4152 702 4212 V.
1108 4156 1165 4230 785

66 4251 205 4330 Ejusdem
220 4251 355 4330 Epistola
369 4250 405 4310 ad
419 4249 564 4309 eumdem.
1097 4250 1166 4309 ibid.

66 4349 262 4406 Garamam
288 4366 331 4406 mr
358 4347 495 4406 Uasmrs
522 4346 652 4405 Francia
677 4347 849 4408 cancellarii
871 4347 1006 4428 Epistola
1029 4348 1066 4406 ad

106 4443 252 4502 eumdem.
1108 4445 1167 4520 786
