2790 4958
217 317 282 387 220
453 313 631 378 anama
647 310 786 378 Colhctio
800 311 876 376 PP.
891 310 1109 376 Toletoaooaoa.

219 485 401 564 Excerptum
425 487 485 559 περὶ
509 489 621 559 στιγμῆς
642 503 679 543 ex
703 482 827 542 Scholiis
853 481 884 539 in
916 480 1052 560 Dionysii
1075 479 1197 538 Thracis

260 581 364 640 Artem
380 581 614 639 Grammaticam.
1092 577 1319 655 Pag.138-143

219 676 369 756 Excerpta
382 696 399 736 e
413 678 573 735 Diouams
588 676 756 736 Scholastici
771 675 986 735 Commentario
1006 675 1038 734 in
1059 673 1196 753 Dionysii

261 773 382 832 Thracis
395 773 501 832 Artem
515 773 750 832 Grammaticam.
1171 770 1321 846 172-188.

220 871 398 929 Jannnicnr
414 871 503 929 Liber
517 870 553 929 de
568 869 777 928 Mathematica
791 870 935 928 communi
952 867 1112 947 disciplina.
1178 868 1298 927 188-22
1302 885 1319 942 5

221 967 362 1025 Pnonrur
377 966 604 1026 Dissertationes
618 965 682 1025 duae
691 977 715 1036 ⁰,
729 976 759 1024 et
774 965 993 1044 Fragmentum.
1178 982 1320 1039 227-242

148 1203 151 1207 ⁴
264 1113 379 1178 Omnia
392 1113 460 1177 haec
476 1111 635 1197 Opuscula
649 1133 687 1175 ac
699 1111 895 1197 Fragmenta
906 1111 1016 1175 Graeoe
1027 1115 1155 1174 tantum
1169 1110 1320 1175 eduntur.

653 1362 882 1435 XXXVIII.

266 1561 406 1626 Colloott'o
423 1561 560 1624 Petram
574 1559 784 1624 Toletooorwm
799 1557 946 1642 auspiciis
959 1557 1124 1620 Fnsucrscr
1139 1580 1178 1619 nn
1195 1556 1321 1621 Lonnu-

219 1684 314 1740 zius,
341 1662 581 1746 Archiepiscopi
605 1661 761 1740 Toletani,
784 1660 843 1725 viri
864 1659 1145 1723 munificentissimi
1166 1659 1264 1738 edita,
1280 1682 1319 1723 ac

221 1765 306 1850 typis
332 1762 586 1827 luculentissimis
607 1769 641 1827 et
664 1763 777 1826 charta
795 1762 884 1846 regia
908 1763 943 1825 ia
956 1762 1037 1845 solio
1058 1784 1183 1841 excusa,
1207 1768 1320 1827 nostro

221 1888 352 1930 numero
367 1866 561 1930 accensenda
576 1872 634 1930 est.
679 1864 804 1929 Titulus
818 1865 864 1928 ita
879 1887 912 1928 se
926 1864 1042 1957 habet:

223 2072 288 2143 SS.
307 2071 454 2141 Petrum
471 2070 722 2141 Toletanorum
742 2080 917 2162 quotquot
940 2078 1066 2140 extant
1083 2070 1201 2163 Opera
1223 2093 1320 2140 nunc

296 2189 450 2280 primum
476 2186 580 2256 simul
608 2187 713 2269 edita,
739 2187 784 2256 ad
815 2186 964 2257 Codices
991 2185 1104 2256 MSS.
1127 2187 1319 2278 recognita,

296 2302 474 2373 nonnullis
509 2303 603 2371 notis
637 2302 822 2384 illustrata,
856 2310 963 2393 atque
996 2303 1034 2371 in
1067 2302 1156 2370 duos
1187 2300 1320 2370 Tomos

297 2416 495 2487 distributa.
542 2416 673 2486 Tomos
691 2416 841 2487 Primus.
893 2417 1084 2498 MONTANI,
1103 2414 1140 2485 S.
1155 2415 1320 2485 Eucuun

299 2533 369 2602 ΙΙΙ.
387 2540 424 2602 et
442 2532 478 2603 S.
494 2532 716 2604 ILDEPHONSI
732 2532 914 2603 Toletanae
932 2532 1101 2602 Ecclesiae
1119 2530 1320 2600 Praesulum

298 2647 487 2740 Opuscula,
522 2648 707 2740 EpistolaS,
747 2648 1029 2741 Fragmentaque
1067 2646 1318 2739 complectens.

299 2762 426 2855 Opera,
461 2762 696 2846 Auctoritate,
731 2771 769 2833 et
811 2764 985 2856 Expensis
1020 2760 1319 2832 Excellentissimi

298 2879 444 2948 Domini
470 2878 645 2949 Francisci
669 2879 714 2948 de
735 2879 951 2960 Lorenzana,
966 2877 1233 2968 Archiepiscopi
1251 2876 1322 2946 To-

297 2994 416 3075 letani,
432 2994 682 3085 Hispaniarum
700 2992 875 3064 Primatis.
911 2992 1053 3061 Matriti
1070 3012 1319 3063 Muccuxxxn.

297 3106 408 3200 Apud
424 3107 449 3178 J
450 3108 650 3179 oachimum
672 3108 793 3179 Ibarra
819 3107 855 3179 S.
874 3108 914 3178 0.
932 3108 976 3176 R.
995 3106 1050 3175 Μ.
1069 3115 1106 3176 et
1124 3107 1321 3200 Dignitatis

297 3221 465 3316 Archiep.
483 3223 596 3294 Tolet.
614 3225 762 3317 Typogr.
798 3223 912 3317 Regio
930 3222 1117 3292 Permissa.

266 3436 384 3500 Tomus
414 3437 585 3513 Secundus,
617 3436 670 3521 qui
702 3457 786 3499 anno
816 3457 1014 3500 unccnxxxv.
1043 3432 1172 3519 prodiit,
1203 3430 1320 3496 Ssucrr

222 3537 355 3601 Jumaur
379 3538 524 3603 Toletani
548 3537 724 3615 Antistius,
748 3543 781 3601 et
809 3536 923 3599 Sancus
948 3536 1080 3600 Eunoen
1106 3534 1321 3600 Cordubensis

224 3640 388 3725 Martyris,
404 3639 495 3704 electi
517 3637 755 3722 Archiepiscopi
777 3636 932 3717 Toletani,
954 3637 1122 3723 Opuscula,
1143 3635 1318 3721 Epistolas,

224 3741 480 3828 Fragmentaque
495 3741 723 3826 complectitur.

255 3957 267 3986 θ
285 3946 368 3995 Credit
379 3945 536 3994 Villoisonius
550 3943 664 4009 (μηδ.)
675 3953 753 4007 poste-
785 3944 887 4006 hujusce
907 3942 1044 3992 recentioris
1067 3941 1210 3990 Platonismi
1230 3956 1320 3990 monu-

221 4010 309 4059 riorem
327 4011 442 4058 harumce
463 4010 666 4058 Dissertationum
692 4009 753 4072 (περὶ
786 4018 868 4057 menta
878 4010 1016 4070 reponenda
1027 4017 1071 4068 est,
1083 4007 1207 4055 omniuoa
1220 4005 1320 4055 Plotino

219 4075 264 4130 τῆς
280 4074 372 4137 πρώτης
389 4074 465 4137 ἀρχῆς
474 4077 523 4122 τῶν
534 4072 635 4132 πάντων,
647 4073 700 4130 ἤτοι
711 4075 754 4122 τοῦ
786 4084 921 4120 amoturum
933 4088 983 4120 esse
998 4071 1065 4119 illam
1080 4070 1221 4133 Spinosismi
1232 4080 1319 4120 notam

221 4137 293 4202 ἑνὸς),
315 4140 342 4186 in
363 4155 411 4200 qua
433 4138 518 4188 excelsi
544 4139 634 4201 ingenii
653 4139 753 4201 vestigia
785 4138 806 4187 ei
818 4154 833 4186 a
844 4137 930 4202 Baylio
941 4137 1040 4200 aliIsque
1051 4137 1166 4185 lunatam.

221 4213 345 4265 apparent,
365 4219 465 4266 qunque
487 4205 551 4252 inter
573 4203 753 4265 pretiossissima
