2790 4958
209 310 276 377 aaa
414 313 502 378 naut
516 313 707 398 capnon
729 313 865 376 Vocon
878 313 971 378 Nova
987 313 1140 380 eonon.

212 489 351 547 Gnoaon
367 487 562 547 Hamnnuour
577 495 608 544 et
620 483 643 542 J
643 505 783 545 onnunrs
797 484 910 544 Srounr
925 486 1210 568 chronographorum

252 587 427 664 Fragmenta
441 585 509 644 duo.
1167 585 1239 662 Pag.
1254 603 1293 661 37
1297 599 1320 661 5<

211 683 360 742 Orationis
374 681 535 740 Dominicoe
551 679 737 760 Explauatio,
753 699 791 739 ex
805 681 927 758 antiquo
940 681 1047 740 codice.
1253 696 1316 758 377

211 779 342 859 Symboli
357 777 521 857 Apostolici
535 777 723 856 Explanatio,
737 797 774 835 ex
788 778 909 856 antiquo
923 779 995 837 item
1009 778 1118 838 codice.
1252 780 1315 853 384

210 874 341 955 Symboli
356 873 548 933 Athanasiani
562 871 748 951 Explauatio,
763 891 798 929 ex
812 872 934 950 antiquo
947 874 1056 952 pariter
1069 874 1180 933 codice.
1251 877 1314 953 396

208 972 352 1030 Iunonum
368 969 628 1049 Hierosolymitani
649 978 749 1027 contra
766 969 944 1046 objectiones
964 971 1209 1030 Nestorianorum

248 1067 315 1127 libri
330 1078 451 1146 septem,

289 1165 357 1223 Lib.
369 1164 395 1222 1.
410 1163 506 1242 agitur
517 1162 553 1222 de
567 1162 772 1240 conjunctione
784 1162 900 1221 Divinae
911 1163 1005 1223 Verbi
1019 1174 1130 1223 naturae
1141 1184 1209 1225 cum

329 1263 466 1320 humana.
1249 1281 1317 1337 410·

289 1359 359 1418 Lib.
373 1359 416 1417 ΙΙ.
439 1358 476 1417 de
489 1357 574 1416 unica
589 1355 699 1415 Christi
713 1376 846 1436 persona.
1248 1362 1311 1436 478

289 1456 356 1514 Lib.
370 1455 432 1513 111.
454 1453 491 1512 de
505 1453 591 1512 unico
605 1452 666 1511 filio
680 1452 806 1511 Christo.
1250 1475 1311 1534 5¹9

288 1553 355 1612 Lib.
371 1551 427 1611 IV.
450 1551 486 1610 de
502 1549 625 1628 Virgine
639 1547 765 1628 deipara.
1250 1572 1312 1631 544

287 1650 355 1708 Lib.
369 1649 411 1708 V.
432 1647 468 1706 de
484 1647 601 1705 Christo
616 1646 681 1703 Deo
695 1656 725 1704 et
738 1646 866 1704 bomine.
1249 1652 1314 1726 582·

288 1746 354 1805 Lib.
370 1746 423 1804 v1.
446 1744 482 1802 de
497 1742 615 1801 Christo
628 1762 687 1801 non
708 1742 824 1801 homine
839 1743 1015 1823 Tbeophoro
1035 1744 1087 1803 aed
1104 1744 1205 1804 huma·

328 1851 398 1900 nato
413 1842 488 1899 Deo.
1248 1844 1314 1921 598

287 1939 355 1998 Lib.
371 1938 445 1996 VII.
468 1937 504 1995 de
522 1936 574 1994 illo
588 1935 677 2006 dicto,
692 1955 769 1995 unus
783 1936 820 1995 de
834 1935 867 1995 S.
882 1937 1028 1996 Trinitate
1041 1957 1143 2015 passus
1162 1950 1207 1998 est

328 2037 359 2094 in
373 2053 467 2093 cerne.

207 2134 241 2192 N
242 2151 373 2193 rononnr
394 2130 569 2189 Patriarchae
584 2130 901 2209 constantinopolitani
915 2131 952 2190 de
966 2132 1027 2190 vita
1041 2131 1207 2191 Christiana

247 2242 278 2290 et
291 2229 452 2310 praesertim
465 2226 623 2284 monastica
637 2235 778 2285 tractatus
786 2249 796 2297 ;
818 2227 947 2286 asceticae
966 2227 1104 2288 nimirum
1124 2249 1205 2289 seve·

246 2327 341 2385 ritatis
355 2333 586 2383 mouumentum.
640 2377 643 2381 ,
1247 2330 1305 2388 611

205 2422 383 2482 Anasuasu
399 2419 574 2479 Patriarchae
587 2418 767 2478 Antiocheni
780 2420 817 2479 de
830 2420 948 2480 homine
968 2421 1006 2480 ad
1026 2423 1085 2482 Dei
1102 2423 1205 2503 imagi.

246 2541 313 2580 nem
327 2519 468 2591 condito„
1144 2514 1146 2518 ἱ
1246 2524 1307 2601 619

206 2617 374 2677 Euurcnrr
391 2614 565 2674 Patriarchae
579 2613 894 2692 constantinopolitani
908 2615 1084 2694 Fragmenta
1094 2617 1154 2677 duo
1168 2618 1205 2678 de

246 2812 299 2870 hac
313 2831 344 2869 re
357 2819 502 2888 postrema
517 2808 548 2866 S.
558 2807 712 2866 Athanasii
725 2807 889 2886 dogmatico
902 2808 1076 2886 fragmento.
1246 2813 1284 2870 62
1287 2832 1305 2888 3

205 2911 317 2968 Catena
344 2914 466 2964 veterum
493 2905 616 2962 Petrum
644 2905 675 2961 in
701 2904 791 2962 Lucra
818 2903 1023 2983 Evangelium,
1049 2905 1205 2985 colligente

245 3005 278 3062 Ν
280 3021 376 3063 roura
391 3002 542 3060 Serrarum
557 3000 716 3079 Episcopo.
1245 3002 1308 3066 626

205 3102 346 3160 Evnaurr
362 3098 571 3174 Fragmentum
587 3116 620 3155 ex
635 3096 736 3155 eadem
751 3098 870 3155 Catena.
1247 3118 1302 3175 7²1

205 3197 299 3256 Index
314 3195 437 3253 Petrum
450 3193 481 3249 in
495 3193 632 3272 praedicta
646 3193 757 3252 catena
771 3193 964 3253 laudatorum.
1247 3216 1283 3274 72
1287 3219 1304 3275 3

204 3296 234 3354 S.
250 3294 392 3351 Currum
412 3289 603 3350 Alexandrini
625 3290 856 3350 additamentum
881 3294 1090 3353 Commentarii
1112 3296 1144 3353 in
1169 3294 1201 3353 S.

244 3389 364 3446 Lucam.
1246 3411 1302 3469 741

205 3485 327 3544 Savum
346 3482 524 3542 Antiocheni
546 3485 667 3560 exejus
688 3484 847 3563 deperditis
869 3487 1005 3566 operibus
1027 3487 1203 3567 Fragmenta

245 3582 346 3640 Graeca
359 3580 512 3660 permulta.
525 3616 528 3622 ·
1245 3605 1281 3662 72
1285 3603 1302 3664 3

204 3680 343 3760 Ejusdem
365 3677 491 3736 Savum
507 3677 646 3735 Homiliae
660 3687 795 3755 quatuor,
810 3699 915 3759 nempe
933 3701 991 3740 una
1012 3682 1043 3740 in
1064 3703 1216 3761 maguum-

243 3775 418 3844 Antonium,
433 3773 498 3832 duae
519 3774 550 3830 in
565 3774 705 3834 Sanctum
720 3774 875 3834 Drosidem
890 3777 1033 3856 virginem
1046 3788 1076 3838 et
1090 3789 1201 3859 marty·
1227 3802 1235 3806 ⁸

242 3892 313 3942 rem,
328 3891 386 3930 una
406 3870 437 3928 in
461 3870 601 3929 Sanctum
626 3869 816 3930 Thallelaeum
839 3883 997 3952 martyrem
1007 3897 1017 3946 ,·
1039 3875 1201 3935 Latine-ex

242 3970 341 4048 lingua
356 3969 482 4048 Syriaca.
1244 3991 1303 4051 742

202 4067 294 4126 Index
309 4067 549 4144 Fragmentorum
565 4064 697 4125 Snvnnr.
1244 4074 1304 4147 760
