2790 4958
245 297 288 363 74
602 295 750 359 Decimii
771 294 976 379 Spimhpimm

1283 462 1343 523 Peg.

244 548 382 606 Josurus
410 546 502 605 Pars
528 547 635 606 XXII.
669 546 804 626 Epistola
837 547 873 605 ad
902 545 1039 604 Carolum
1068 543 1214 602 Comitem

286 644 436 703 Marchioe.
580 696 587 709 ,
1284 655 1344 715 709

245 742 386 820 Ejusdem
401 740 535 820 Epistola
548 740 585 799 ad
599 740 737 799 Sancium
753 740 864 818 Regem
879 739 1099 816 Majoricarum.
1270 734 1343 794 ibid.

247 837 426 896 Parnasus
440 839 476 893 V.
492 836 670 895 Francorum
692 837 758 896 Rex
772 834 929 894 Albertum
951 835 988 893 de
1009 835 1093 914 Roye
1110 833 1242 892 Concilio

287 933 448 992 Senouensi
462 933 561 992 adesse
570 934 665 1012 jubet,
681 933 766 1011 eique
779 931 915 992 mandata
928 952 981 991 sua
994 932 1054 990 dat.

246 1032 371 1089 Csaonr
386 1030 443 1089 IV.
458 1031 637 1089 Francorum
658 1031 749 1108 Regis
769 1029 925 1088 Ordinatio
949 1049 1002 1108 pro
1022 1027 1158 1106 expensis
1178 1026 1241 1084 Do·

286 1148 352 1186 mus
366 1127 495 1205 Reginae.
1284 1140 1340 1199 711

247 1223 328 1283 Idem
345 1222 431 1300 jubet
446 1223 597 1302 Reliquias
611 1222 738 1302 Capella
758 1242 818 1282 sure
833 1221 1005 1280 Parisiensis
1025 1221 1160 1300 expensis
1179 1220 1241 1278 Do·

286 1341 351 1379 mus
362 1320 419 1379 Dei
433 1319 471 1379 ad
483 1340 515 1379 se
528 1319 645 1388 deferri,
655 1339 688 1378 ac
698 1318 792 1378 eidam
804 1318 914 1377 Domui
924 1318 981 1377 Dei
995 1316 1136 1376 nonnulla
1147 1317 1246 1376 donat.
1270 1317 1342 1377 ibid.

247 1416 328 1475 Idem
341 1416 525 1476 Lndovicum
540 1416 637 1476 Caroli
658 1416 781 1475 Comitis
795 1414 921 1474 Valesioe
941 1414 1039 1494 patrui
1059 1415 1105 1473 sui
1125 1425 1242 1493 septen·

286 1534 354 1572 uem
369 1513 461 1573 filium
475 1514 648 1593 emancipat.
1271 1511 1342 1571 ibid.

246 1611 360 1671 Jacoar
386 1611 555 1690 Aragcuum
582 1610 672 1689 Regis
694 1611 830 1689 Epistola
850 1609 887 1670 ad
909 1609 1045 1669 Carolum
1066 1608 1124 1668 IV.
1149 1608 1242 1668 aran.

287 1729 386 1767 corum
402 1709 523 1787 Regem.
1172 1690 1186 1715 ⁰

247 1805 370 1864 Csuonr
386 1806 476 1884 Regis
489 1807 647 1884 responsio.

248 1902 410 1961 Concordia
436 1903 512 1962 inter
535 1901 677 1961 Jacobnm
702 1903 874 1982 Aragonum
899 1902 1020 1981 Regem,
1044 1913 1075 1961 et
1099 1901 1242 1960 Jacobnm
1295 1939 1299 1945 «

287 1999 399 2077 Regem
413 1999 631 2076 Majoricarum.
1274 1999 1344 2058 ibid.

250 2095 341 2156 Curia
357 2096 535 2154 Parisiensis
548 2095 684 2165 declarat,
700 2095 811 2174 Regem
824 2097 856 2154 in
871 2095 1069 2155 vacationibus
1083 2095 1242 2155 canonica·

287 2203 373 2251 tuum
387 2191 527 2251 Ecclesia
540 2192 745 2252 Ambianensis
756 2193 805 2268 jus
820 2192 974 2270 Regalinm
987 2212 1046 2251 nnn
1060 2193 1174 2252 habere.
1286 2195 1346 2269 716

248 2289 432 2347 Pnrnrraus
457 2288 513 2348 VI.
542 2288 722 2354 Francorum
752 2291 818 2348 Rex
848 2290 1008 2368 prescribit
1036 2289 1242 2366 jusjurandum

288 2385 367 2463 quod
381 2397 517 2465 praestare
530 2386 637 2444 debent
652 2386 845 2445 Tabelliones.
1273 2386 1345 2445 ibid.

249 2483 331 2540 Idem
356 2483 538 2545 Bernardum
565 2483 603 2542 de
630 2484 748 2542 Moreul
775 2483 906 2542 Francia
930 2482 1134 2542 Marescallnm
1158 2483 1244 2560 jubet

289 2579 424 2657 dignitati
445 2600 505 2639 sua
525 2581 701 2650 renuntiare,
715 2592 750 2640 ut
770 2581 986 2640 institutionem
1000 2601 1033 2640 ac
1046 2581 1176 2659 regimen
1189 2581 1244 2638 Jo-

288 2676 372 2734 annis
385 2674 437 2733 filii
452 2676 498 2734 sui
512 2676 659 2754 suscipiat.
1274 2676 1345 2735 ibid.

249 2773 330 2832 Idem
344 2773 434 2832 Italos
449 2773 599 2851 Principes
616 2773 751 2831 hortatur
768 2782 802 2830 ut
818 2772 978 2836 Romanam
993 2771 1154 2831 Ecclesiam
1176 2793 1245 2852 pro-

288 2879 430 2947 pugnent,
445 2881 475 2928 et
489 2869 640 2928 hereticos
653 2890 753 2928 recens
767 2869 906 2928 exhortos
919 2879 1140 2947 persequantur.
1287 2886 1344 2945 717

249 2967 329 3025 Idem
343 2965 452 3024 Joanni
473 2965 533 3023 filio
554 2986 607 3023 suo
628 2966 822 3044 primogenito
842 2966 1033 3043 emancipato,
1049 2967 1161 3025 confert
1178 2967 1244 3024 Du-

289 3073 386 3120 catum
414 3062 613 3131 Normanniae,
635 3073 666 3121 et
693 3063 859 3121 Comitatus
886 3062 1065 3140 Audegavioe
1095 3073 1126 3122 et
1148 3063 1243 3121 Ceno-

288 3159 402 3218 mauiae.
1273 3160 1345 3219 ibid.

248 3257 396 3317 Joarsrtns
422 3258 509 3316 Pura
537 3257 645 3316 XXII.
673 3258 857 3318 Lndovicum
884 3256 1057 3316 Borbcnesii
1085 3256 1200 3316 Ducem
1227 3278 1245 3315 a

285 3354 451 3430 juramento
465 3355 589 3434 quodam
604 3355 737 3414 absolvit.
1288 3357 1346 3431 718

249 3452 330 3510 Idem
344 3472 410 3510 cum
421 3452 532 3511 Jacobo
546 3453 582 3512 de
592 3453 742 3513 Borbouio
752 3451 894 3511 Lndovici
907 3451 1000 3511 Ducis
1012 3451 1073 3510 filio
1087 3451 1244 3531 dispensat,

289 3559 324 3606 ut
344 3550 560 3608 matrimonium
582 3549 613 3607 in
632 3549 721 3608 tertio
741 3548 999 3626 consanguinitatis
1018 3548 1109 3626 gradu
1131 3560 1245 3608 contra-

289 3644 358 3705 berc
371 3647 472 3724 possit.
1288 3663 1347 3726 719

248 3743 433 3802 Lunovrcus
448 3745 600 3803 Bavauus
614 3743 776 3822 Imperator
790 3742 942 3802 Lndovico
959 3742 1068 3802 Comiti
1089 3742 1126 3802 de
1140 3742 1245 3801 Oetin.

288 3859 345 3916 geu
366 3850 540 3918 potestatem
561 3840 612 3899 dat
632 3839 752 3917 negocia
771 3839 903 3917 quaedam
924 3839 1068 3899 tractandi
1087 3860 1152 3898 cum
1169 3838 1266 3898 Hnm·

288 3936 372 3995 berto
388 3936 506 3996 Dellino
520 3935 693 4023 Viennensi.
1276 3937 1346 3996 ibid.

249 4032 331 4090 Idem
347 4032 513 4092 Humberto
527 4053 649 4112 reguum
664 4032 832 4092 Viennense
846 4033 968 4092 confert.
1276 4035 1346 4094 ibid.

248 4126 378 4187 Icauna
400 4129 550 4188 renuntiat
571 4130 654 4188 bonis
677 4129 833 4189 mobilibus
853 4150 887 4189 ac
908 4129 1014 4189 debitis
1032 4130 1162 4210 Philippi
1181 4131 1244 4190 Na.

289 4245 379 4283 varra
394 4225 484 4304 Regis
498 4226 594 4284 mariti
608 4226 665 4294 sui,
680 4247 773 4304 nuper
787 4228 848 4285 fato
862 4226 967 4285 functi.
1288 4247 1342 4304 721

250 4320 443 4381 Cnuunuars
459 4323 545 4400 Papa
561 4321 617 4381 VI.
634 4323 776 4402 Epistola
792 4322 930 4381 XXXII.
1288 4341 1346 4400 722
