2790 4958
156 297 186 358 iv
413 296 635 363 EPISTOLA
658 300 722 363 AD
746 299 999 368 LECTOREM.

155 508 234 553 rum
265 484 412 554 Patrum
446 509 557 578 usque
586 489 631 557 ad
661 510 764 557 suum
794 496 935 581 tempus
969 493 1062 584 typis
1092 492 1256 585 vulgatas

155 626 348 700 enumerat,
375 642 416 688 ac
442 619 487 688 de
514 621 753 689 monumentis
780 621 818 689 in
844 620 895 690 eis
920 624 1096 693 contentis
1123 646 1256 717 magna

154 771 236 818 oum
261 751 433 820 industria
458 751 607 821 disserit.
671 748 746 846 Sub
774 750 1077 822 Bibliothecarum
1104 752 1255 824 Patrum

151 880 295 950 nomine
322 903 444 951 omnes
472 881 709 952 collectiones
745 905 850 974 opera
880 880 1100 975 Scriptorum
1128 884 1255 956 Eccle-

152 1012 371 1082 siasticorum
401 1012 678 1105 complectentes
713 1012 892 1106 intelligit.
956 1011 1054 1083 Nam
1085 1014 1253 1086 Daoherii

151 1140 388 1240 Spicilcpium,
411 1142 613 1213 Mabillonii
631 1142 809 1226 Analecta,
833 1144 1000 1215 Cotelerii
1027 1144 1162 1217 Gsoeoae
1181 1145 1254 1218 Ec-

151 1269 262 1342 clesia
282 1271 520 1355 Monumenta,
544 1281 582 1343 et
606 1272 769 1365 plurimae
799 1272 879 1343 aliae
905 1273 1140 1345 Collectiones
1170 1297 1253 1366 quae

150 1404 217 1473 sibi
240 1427 370 1474 nomen
394 1403 697 1474 Bibliotheoarum
721 1403 868 1474 Patrum
891 1406 1038 1475 minime
1060 1406 1253 1488 vindicant,

149 1539 243 1630 apud
277 1537 378 1608 illum
410 1538 616 1608 Tractatum
649 1545 887 1608 recensentur.
955 1536 1073 1607 Immo
1106 1539 1181 1630 ipse
1212 1562 1253 1611 se

150 1691 272 1738 omnes
296 1668 532 1739 Collectiones
559 1668 877 1738 Monumentorum
901 1669 945 1738 ad
972 1690 1028 1738 res
1058 1667 1253 1741 Ecclesias-

148 1803 237 1872 ticas
262 1802 525 1894 pertinentium,
548 1799 647 1871 nulla
668 1798 855 1869 titulorum
880 1798 1003 1870 habita
1024 1801 1161 1871 ratione
1184 1823 1251 1872 suo

148 1935 185 2003 in
202 1957 308 2027 opere
322 1933 622 2026 comprehendere
638 1931 835 2024 profitetur.

210 2197 267 2267 De
293 2219 422 2290 magna
450 2195 635 2266 Tractatus
663 2196 823 2289 Ittigiani
853 2194 1009 2265 utilitate
1038 2195 1128 2264 mira
1154 2195 1251 2267 inter·

148 2331 240 2401 viros
270 2328 426 2399 eruditos
460 2329 652 2399 consensio.
716 2326 866 2397 Librum
895 2326 990 2396 mole
1023 2349 1171 2418 parvum
1201 2330 1249 2400 ad

147 2489 293 2535 manum
320 2463 459 2545 habere,
486 2464 546 2555 qui
570 2461 695 2532 titulos
725 2467 1038 2531 monumentorum
1066 2462 1104 2529 in
1137 2459 1250 2552 pluri-

147 2600 214 2669 mis
250 2597 453 2692 ingentibus
482 2595 720 2666 voluminibus
756 2593 848 2686 (quae
877 2616 1051 2686 nusquam
1079 2601 1142 2664 aut
1172 2594 1250 2665 fere

146 2750 319 2819 nusquam
345 2726 411 2829 nisi
436 2727 530 2818 apud
557 2746 702 2818 magnas
728 2723 962 2795 bibliothecas
987 2726 1069 2795 viris
1094 2725 1249 2798 literatis

146 2858 285 2949 patent)
316 2862 564 2925 contentorum
593 2854 735 2936 indicet,
762 2854 905 2946 plurimi
935 2855 1136 2925 faciendum
1169 2866 1248 2929 est:

148 2986 230 3058 Hoc
247 2996 368 3058 tamen
386 2994 449 3069 est,
467 2987 561 3077 quod
579 2984 693 3079 Ittigii
711 2987 921 3079 opusculum
937 2995 1092 3079 praestat.

198 3254 269 3325 Sed
295 3262 445 3347 tempus,
464 3255 622 3346 quamvis
645 3275 762 3322 rerum
788 3255 892 3337 edax,
915 3253 1047 3324 molem
1072 3254 1247 3329 librorum

146 3391 394 3482 impressorum
412 3389 569 3480 quotidie
586 3394 703 3481 auget.
744 3386 831 3458 Post
848 3394 994 3457 aetatem
1012 3411 1081 3478 qua
1098 3387 1247 3482 Ittigius

145 3544 248 3593 suum
271 3523 409 3613 scripsit
430 3521 645 3604 Tractatum,
662 3519 780 3611 plures
806 3518 1023 3612 Scriptorum
1052 3520 1248 3595 Ecclesias-

145 3751 432 3821 Romanis‚Venetis,
445 3747 667 3813 Mediolanensi,
718 3740 869 3817 aiensibus,
904 3757 935 3806 et
981 3748 1046 3808 aliis
1087 3750 1247 3817 Tractatus

144 3848 336 3927 Moguntinis,
359 3844 668 3912 Boni-Fontis,1nsu·
717 3845 803 3903 variis
838 3844 1086 3904 observationibus
1116 3856 1146 3904 et
1179 3851 1244 3906 ani.

144 3948 219 4016 lana,
243 3943 424 4012 Divionensi,
446 3941 665 4019 Rotomagensi,
717 3940 963 3999 madversionibus
984 3941 1117 4000 refertus.
1167 3943 1244 4024 Lip-

144 4043 297 4108 Tolosana,
318 4038 561 4105 Londinensibus,
580 4037 664 4094 Dub-
717 4036 773 4105 siae,
795 4036 943 4114 Sumptib.
964 4036 1082 4096 Haered.
1099 4038 1243 4101 Friderici

142 4137 268 4202 liniensi,
286 4133 456 4203 Oxoniensi,
477 4133 665 4191 Lovaniensi·
716 4132 857 4191 Lankisii.
901 4130 990 4189 Anno
1011 4152 1150 4194 nncovrr.
1204 4137 1242 4196 ln

143 4236 206 4299 bus,
227 4229 415 4306 Trajectensi,
436 4225 664 4294 Genevensibus,
718 4230 782 4285 8vo.

143 4325 422 4404 Hamburgensibus
442 4323 577 4402 Cygneis,
592 4322 664 4400 Lip-
