2790 4958
256 291 320 353 150
577 291 705 356 Brooka’o
722 290 819 356 Oodec
832 291 1029 376 depalatum.

601 474 756 539 TOMUS
780 474 1018 541 sEOUNDUs

299 597 417 661 Varias
434 597 572 683 Regulus
587 621 625 663 ao
640 600 782 680 Statute,
797 600 974 665 monastiea
988 608 1022 665 et
1036 598 1197 679 canonica,
1212 600 1356 664 omnium

254 699 320 763 lere
341 699 558 785 religiosorum
573 701 737 781 Ordinum,
753 703 808 789 qui
825 703 859 767 in
873 702 1017 768 Ecclesia
1034 701 1153 768 Ohrieti
1167 701 1353 780 floruerunt,

255 809 288 867 et
303 803 477 867 etiamnum
491 803 615 882 florent,
630 825 730 888 usque
744 804 787 868 ad
806 804 964 870 Saeculum
978 803 1062 868 XII.
1077 802 1235 884 inclusive,
1251 803 1355 868 Addi-

254 903 405 969 tamentis
420 905 523 967 XXI.
540 905 775 991 comprehense,
791 905 931 970 exhibet.

351 1067 523 1153 Gatalogus
537 1090 593 1132 seu
608 1067 766 1133 Elenchus
780 1069 1085 1134 Additamentorum
1099 1070 1191 1134 Tomi
1208 1069 1254 1135 II.

255 1197 287 1255 S.
299 1196 436 1255 Jonnms
451 1199 610 1264 Cesaram,
625 1196 750 1256 Abbatis
765 1198 965 1268 Massiliensis,
981 1198 1096 1276 Regula
1116 1200 1176 1259 sive
1198 1201 1248 1259 In·

294 1295 461 1353 stitutiones
475 1293 649 1363 monasticae,
664 1294 761 1353 Libris
772 1294 829 1353 IV.
843 1296 1065 1374 comprehensae.
1097 1295 1170 1355 Saec.
1181 1299 1218 1354 V.
1249 1297 1323 1376 Peg.
1337 1319 1349 1356 1

254 1391 285 1450 S.
301 1391 475 1458 Promotum,
493 1389 618 1448 Abbatis
633 1390 841 1461 Tabennensis,
861 1390 985 1469 Regula,
1004 1392 1123 1451 omnino
1137 1392 1250 1453 diversa

293 1488 330 1547 ab
351 1486 442 1546 altera
465 1488 496 1545 in
518 1486 625 1545 Codice
647 1486 827 1564 Regularum
848 1487 948 1559 relata,
963 1488 1053 1549 Notis
1073 1501 1103 1549 et
1126 1491 1250 1551 Scholiis

293 1583 397 1642 Alardi
411 1585 511 1642 Gazaei
524 1583 678 1641 illustrata.
720 1583 796 1644 Saeo.
811 1583 868 1642 IV.
1312 1589 1352 1665 38

253 1681 335 1741 Ordo
356 1681 532 1739 monasticus
553 1679 633 1758 apud
656 1679 759 1738 Scotos
778 1680 939 1740 Monachos
952 1681 982 1739 in
997 1684 1089 1741 veteri
1101 1683 1250 1742 hodiernae

294 1779 398 1837 Scotiae
420 1775 602 1836 Monasterio
624 1775 660 1834 de
683 1774 804 1845 Kil·ros,
819 1776 908 1855 vulgo
923 1777 1036 1849 Culros,
1059 1779 1127 1838 olim
1150 1781 1250 1839 obser.

292 1885 387 1934 vatus,
430 1875 504 1933 Saec.
521 1872 560 1931 V.
1311 1879 1349 1936 62

252 1973 334 2032 Ordo
348 1971 464 2051 quidam
481 1969 665 2029 Monesticus
680 1969 712 2028 S.
726 1970 917 2030 Bennnreuo
930 1970 1099 2032 attributus.
1131 1974 1202 2032 Soec.
1214 1971 1275 2031 IX.
1311 1975 1351 2033 66

333 2069 471 2148 Ejusdem
486 2067 620 2146 Epistola
634 2067 670 2126 ad
686 2067 853 2146 Remigium
869 2069 1048 2128 Rbemorum
1062 2071 1231 2129 antistitem.
1311 2086 1350 2146 70

332 2165 471 2244 Ejusdem
482 2165 585 2223 Sermo
598 2164 629 2221 in
642 2175 736 2222 morte
752 2164 783 2223 S.
797 2164 918 2223 Placidi.
1229 2242 1231 2246 λ
1279 2169 1348 2228 ibid.

332 2264 471 2343 Ejusdem
486 2263 597 2328 Sermo,
613 2262 730 2320 habitus
743 2263 774 2320 in
793 2263 920 2322 discessu
942 2263 973 2321 S.
988 2264 1087 2322 Mauri
1101 2274 1131 2323 et
1146 2264 1247 2324 Socio-

371 2380 446 2419 rum.
1277 2362 1349 2422 ibid.

251 2457 365 2536 Regula
378 2454 543 2514 Monastica
556 2454 682 2532 antiqua.
726 2455 798 2514 Saeo.
813 2456 871 2514 IX.
1312 2478 1346 2534 71

250 2554 405 2614 Tractatus
427 2554 498 2612 varii
517 2552 554 2611 ad
572 2553 733 2611 Historiam
748 2552 944 2612 Monasticem
964 2553 1152 2631 pertinentes,
1168 2576 1185 2613 a
1199 2553 1246 2613 Cl.

290 2650 465 2710 Mabillonio
479 2649 602 2717 collecti,
617 2648 770 2708 videlicet:

334 2767 359 2804 1.
382 2746 464 2805 Ordo
479 2746 574 2805 Officii
594 2747 625 2803 in
646 2745 743 2803 Domo
763 2746 795 2805 S.
811 2744 964 2805 Benedicti
982 2746 1038 2820 (Le
1053 2747 1163 2821 Dome)
1177 2757 1247 2806 aute

412 2844 531 2901 Pascha.
575 2843 647 2901 Saec.
663 2841 720 2900 IX.
1311 2847 1347 2921 78

332 2958 359 2997 2.
381 2940 520 3016 Antiquae
539 2937 773 2997 Consuetudines
793 2937 1038 2996 Monasteriorum
1053 2939 1126 2998 Ord.
1142 2938 1174 2998 S.
1185 2939 1246 2999 Be-

410 3035 527 3094 nedicti.
1310 3039 1347 3095 80

331 3149 360 3205 3.
376 3131 456 3190 Ordo
466 3131 619 3210 Regularis
630 3131 708 3207 apud
718 3151 776 3198 eos,
786 3132 837 3209 qui
847 3132 877 3188 in
888 3131 968 3190 Arce
981 3132 1120 3209 Regulari
1134 3132 1255 3209 pollent.
1278 3134 1348 3194 ibid.

329 3246 357 3301 4.
381 3228 528 3304 Scriptum
544 3228 573 3285 F
572 3236 682 3285 rutrum
694 3227 729 3285 de
743 3228 843 3286 Monte
856 3228 977 3287 Camino
987 3227 1023 3286 ad
1039 3228 1157 3288 Fratres
1167 3229 1245 3307 ejus-

410 3327 477 3386 dem
496 3324 625 3393 Ordinis,
649 3324 758 3383 scilicet
782 3324 813 3382 S.
831 3324 993 3392 Benedicti,
1010 3327 1039 3382 in
1061 3324 1245 3384 Alemeniam

409 3434 439 3482 et
458 3423 608 3481 Franciam
625 3423 678 3480 &c
700 3422 737 3480 de
760 3421 877 3481 Ritibus
898 3422 1097 3481 Casinensium
1120 3432 1151 3481 et
1173 3421 1244 3480 Clu-

408 3519 594 3578 niacensium.

328 3631 355 3692 5.
378 3615 521 3693 Prologus
535 3615 565 3673 in
579 3615 699 3673 Librum
712 3614 963 3673 Consuetudinum
978 3613 1242 3691 Hirseugiensium,

409 3711 540 3770 Auctore
554 3711 743 3769 Wmnnuuo
756 3710 881 3769 Abbate.

327 3809 356 3866 6.
379 3807 525 3866 Formulae
539 3807 587 3866 IV
590 3852 597 3865 .
613 3806 777 3866 Oblationis
792 3806 963 3865 Puerorum.

329 3923 355 3980 7.
376 3904 499 3962 Littera
513 3904 549 3962 V.
565 3902 601 3961 ad
615 3902 772 3961 ineundam
787 3901 997 3981 Suffragiorum
1012 3903 1199 3963 Societatem.

245 4000 360 4078 Regula
374 4000 405 4058 S.
422 4000 653 4060 Cunonounuor
669 3999 808 4078 Episcopi
823 4000 975 4058 Metensis.
1018 4000 1090 4060 Saec.
1105 4000 1195 4059 VIII.
1302 4019 1340 4078 93

245 4096 360 4175 Regula
382 4095 587 4154 Canonicorum
603 4095 803 4174 Regularium,
818 4096 855 4154 ab
869 4096 1016 4175 Anonymo
1032 4097 1170 4176 quopiam
1190 4098 1244 4155 In·

285 4191 470 4270 terpolatore‚
485 4211 521 4250 ex
537 4191 742 4270 chrodegangi
759 4212 869 4257 norma,
885 4192 1009 4252 Concilii
1023 4193 1244 4273 Aquisgrauen-

285 4289 324 4346 sis
337 4287 483 4365 capitulis,
498 4298 585 4365 atque
600 4287 716 4347 aliunde
731 4288 934 4348 consarcinata.
978 4290 1051 4350 Seec.
1067 4290 1125 4348 IX.
1288 4312 1343 4369 ¹09
