2790 4958
222 317 290 384 216
537 314 684 384 omnum
699 315 759 380 SS.
770 316 884 380 Porro
900 313 1013 380 (troo.

576 601 678 665 Tomo
694 599 754 665 IV.
771 598 975 667 continentur

229 766 424 821 Cnnrrmums
437 761 678 821 Annxsrunnrur
693 761 863 821 Cohortatio
877 760 915 820 ad
929 761 1049 820 Gentes.

494 860 650 939 Poedogogi
671 859 760 918 Liber
781 859 870 916 1.11.
890 868 921 917 et
942 858 1004 916 111.
1016 858 1063 916 >ad
1083 857 1231 938 exemplar
1254 859 1334 918 Edi-

269 957 360 1016 tionis
374 956 560 1015 Potterianae.

587 1135 687 1198 Tomo
704 1134 745 1198 V.
761 1133 965 1199 eontinentur·

231 1272 427 1333 Cnunnmnrs
440 1271 675 1331 Annxsunnmr
692 1271 872 1331 Stromatum
886 1271 975 1329 Liber
989 1269 1014 1328 I.
1030 1270 1072 1330 ΙΙ.
1087 1269 1148 1329 III.
1163 1280 1194 1329 et
1208 1269 1270 1330 IV.

577 1483 678 1548 Tomo
695 1483 755 1547 VI.
772 1481 976 1547 eontinentur

230 1634 423 1694 Gnnmnurrs
438 1633 670 1694 Annxurmnrnr
686 1635 867 1694 stromatum
880 1632 970 1693 Liber
979 1633 1019 1693 V.
1030 1632 1087 1693 VI.
1099 1633 1174 1693 VII.
1189 1643 1221 1693 et
1235 1632 1333 1693 VIII.

230 1760 473 1779 -—-·-—
486 1731 593 1790 Liber:
616 1732 693 1804 Quis
707 1730 787 1790 dives
801 1731 949 1790 salvetur?

230 1857 474 1874 ----
489 1827 675 1906 Fragmenta.

273 2037 383 2102 Tomis
397 2037 451 2122 qui
466 2045 642 2124 sequuntur
662 2039 811 2103 Omoums
824 2039 1014 2102 Aosusuuu
1033 2038 1139 2125 Opera
1160 2036 1268 2101 omnia
1288 2037 1332 2101 ad

231 2139 416 2204 Editionem
448 2140 661 2204 Parisiensem
687 2140 793 2205 Oaroli
817 2143 858 2205 de
890 2141 924 2204 la
950 2140 1020 2205 Rue
1045 2160 1158 2204 reousa
1189 2136 1334 2223 (Wiroe-

230 2239 332 2326 burgi,
349 2243 716 2326 nnoonxxx-mnooxcrv.)
733 2243 955 2308 continentur:

232 2402 327 2462 Tomo
340 2403 416 2462 VII.
437 2405 520 2464 Libri
535 2404 593 2464 IV.
608 2406 718 2485 priores
733 2416 833 2465 contra
848 2406 977 2464 Celsum.

332 2499 424 2559 VIII.
439 2501 522 2561 Libri
537 2501 594 2561 IV.
610 2503 785 2582 posteriores
798 2512 898 2561 contra
913 2501 1041 2560 Celsum.

332 2596 390 2656 IX.
405 2598 489 2658 Libri
504 2599 562 2658 IV.
577 2603 636 2675 περὶ
649 2601 736 2675 ἀρχῶν
750 2619 802 2659 seu
816 2599 853 2657 de
868 2597 1035 2676 Principiis.

406 2694 539 2754 Libellus
553 2696 589 2754 de
604 2695 754 2754 Oratione.

407 2791 584 2851 Exhortatio
598 2791 635 2851 nd
648 2791 837 2870 Martyrium.

342 2885 384 2944 X.
405 2886 547 2965 Dialogus
562 2887 598 2945 de
611 2898 690 2947 recta
703 2890 735 2946 in
748 2888 847 2947 Deum
862 2886 947 2946 Fide.

407 2980 559 3041 Adversus
572 3003 672 3042 omnes
686 2983 822 3043 Haereses
835 2985 925 3043 Liber
939 2984 999 3044 sive
1014 2982 1294 3064 Philosophumena.

410 3079 551 3155 Epistolae
565 3101 630 3158 quoe
645 3091 811 3161 supersunt.
1243 3073 1253 3086 ⁸

334 3174 392 3235 XI.
408 3175 632 3247 Commentario,
648 3177 761 3237 Selecta
776 3190 805 3236 et
820 3178 960 3236 Homilioe
973 3177 1004 3235 in
1019 3177 1159 3237 Genesin.

409 3270 633 3343 Commentario,
650 3273 765 3332 Seleota
778 3284 809 3333 et
823 3272 963 3332 Homiliae
976 3274 1007 3331 in
1021 3273 1171 3332 Exodum.

336 3366 412 3428 XII.
428 3366 543 3426 Selects
556 3379 587 3427 et
602 3370 740 3428 Homiliae
754 3370 785 3428 in
798 3369 975 3430 Leviticum.

410 3464 524 3524 Selecta
537 3477 567 3525 et
582 3468 721 3526 Homiliae
735 3469 766 3526 in
780 3468 813 3526 N
814 3488 937 3527 umeros.

411 3561 526 3620 Selecta
539 3563 571 3620 in
586 3564 858 3624 Deuteronomium.

410 3657 525 3717 Selecta
539 3669 569 3718 et
584 3659 723 3718 Homiliae
737 3661 768 3718 in
782 3661 865 3721 Libr.
880 3661 953 3720 Jesu
967 3661 999 3718 N
1000 3680 1062 3719 ave.

336 3753 431 3814 XIII.
448 3754 563 3814 Selecta
576 3766 607 3816 et
621 3756 760 3815 Homiliae
773 3758 805 3815 in
818 3758 942 3817 Librum
956 3758 1106 3824 Judicum,
1120 3767 1151 3816 et
1166 3757 1260 3817 Rutlr.

412 3851 526 3910 Selecta
540 3862 570 3910 et
585 3852 724 3912 Homiliae
737 3855 769 3912 in
782 3855 906 3915 Librum
920 3856 1052 3914 Primum
1068 3855 1192 3932 Regum.

411 3947 526 4006 Selecta
540 3950 571 4005 in
585 3949 707 4008 Librum
722 3950 743 4008 J
744 3952 790 4010 ob.

413 4043 527 4102 Selecta
540 4044 571 4101 in
582 4044 712 4105 Psalmos
723 4067 740 4105 a
750 4047 844 4126 primo
858 4051 895 4108 ad
908 4050 1088 4129 trigesimum
1103 4058 1218 4108 sextum
1232 4067 1336 4126 usque.

337 4138 426 4199 XIV.
442 4139 557 4199 Seleota
570 4140 601 4197 in
616 4140 746 4202 Psalmos
760 4163 777 4201 a
790 4145 939 4224 trigesimo
953 4156 1037 4205 sexto
1053 4165 1146 4223 usque
1160 4143 1196 4203 ad
1210 4145 1336 4204 centesi-

476 4255 557 4294 mum
571 4237 853 4317 quinquagesimum.

336 4329 407 4390 XV.
428 4330 709 4394 Commentariorum
723 4336 755 4394 in
770 4336 927 4399 Prorerbia
942 4339 1105 4400 Salomonis
1120 4337 1309 4418 Fragmenta.
