2790 4958
327 303 621 389 Maii.Scm‘ptorwm
643 303 781 369 Votarasm
793 302 887 366 Nora
903 299 1049 368 calcato.
1177 301 1245 368 237

584 518 741 585 TOMUS
763 519 811 583 X.

298 641 409 705 Romae
425 639 523 725 Typis
539 638 706 704 Vaticanis
720 658 951 702 nncocxxxmu.
969 638 1083 704 editus.

632 776 715 838 Pars
731 775 760 837 1.

144 895 177 954 S.
194 894 374 955 Sorunouu
403 893 580 954 Patriarohar
608 893 805 973 HIerosolym.
835 893 864 951 in
893 894 944 952 SS.
968 893 1089 953 Petrum
1118 904 1148 953 et

187 991 313 1050 Paulum
329 990 502 1071 panegyrica
517 988 628 1048 Oratio.
1111 988 1182 1067 Pag.
1194 1007 1249 1045 xxv

145 1088 286 1168 Ejusdem
302 1087 486 1164 Troparium.
1183 1085 1247 1143 xxix

144 1183 321 1243 Ennmnsu
343 1183 543 1262 Metropolitae
565 1181 650 1242 Sobae
672 1183 716 1258 (id
737 1192 781 1242 est
801 1182 928 1257 Nisibis)
950 1192 980 1241 et
999 1180 1147 1242 Armeniae

187 1280 331 1339 collectio
353 1282 505 1338 Canonum
528 1279 565 1338 ad
588 1299 673 1338 usum
695 1279 835 1338 Ecclesiae
858 1277 1069 1349 Chaldaeorum,
1088 1279 1146 1337 La·

185 1377 258 1447 tine,
281 1378 441 1457 interprete
468 1375 592 1456 Aloysio
615 1375 787 1436 Assemano.
838 1376 982 1436 Praecedit
1009 1377 1148 1456 Epitome

188 1472 341 1531 Canonum
363 1471 611 1552 Apostolicorum,
626 1482 744 1532 auctore
766 1472 867 1532 eodem
891 1473 1048 1550 Ebedjesu.
1092 1473 1148 1532 Est

188 1579 286 1628 autem
300 1571 348 1630 hic
362 1571 433 1629 ordo
448 1571 557 1651 operis:

228 1668 361 1726 Canones
375 1667 480 1727 XXV.
495 1666 661 1746 Apostolici
675 1667 712 1725 ob
726 1665 865 1726 Ecclesiae
880 1665 1111 1726 Ordinationcm.
1149 1667 1219 1747 Peg.
1230 1686 1247 1742 3

229 1762 328 1822 Prima
343 1764 515 1823 Christianae
529 1763 668 1822 doctrinar
682 1763 808 1822 diffusio.
1231 1782 1247 1840 5

228 1861 396 1939 Descriptio
415 1861 576 1939 regionum,
602 1880 667 1937 quae
688 1857 889 1938 Apostolicam
914 1861 1147 1941 predicationem

268 1967 468 2036 susceperunt.
1231 1973 1247 2032 7

229 2055 441 2135 Apostolorum
456 2054 590 2112 Canones
603 2053 788 2113 LXXXIII.
804 2075 821 2113 a
836 2055 867 2113 S.
880 2055 1031 2115 Clemente
1045 2055 1126 2116 editi.
1231 2057 1249 2112 8

229 2151 440 2231 Apostolorum
455 2151 505 2210 alii
520 2152 653 2210 Canones
667 2151 740 2210 XX.
756 2151 861 2211 edente
874 2152 976 2212 eodem
991 2153 1153 2212 Clemente.
1214 2168 1248 2227 17

230 2249 370 2308 Praefatio
384 2248 568 2306 Ennnrssu
1213 2268 1227 2307 2
1231 2267 1248 2325 3

231 2346 324 2406 Index
338 2346 467 2424 quinque
482 2346 674 2404 Tractatuum
688 2343 774 2425 primi
789 2346 944 2406 voluminis
959 2347 1118 2426 Ebedjesu.
1213 2364 1228 2404 2
1232 2361 1248 2422 5

231 2443 386 2501 Tractatus
404 2441 429 2499 1.
451 2442 499 2499 De
519 2441 628 2520 regulis
650 2442 833 2520 generalibus
853 2443 948 2503 Fidei.
990 2442 1089 2503 Tract.
1106 2444 1149 2503 II.

272 2540 320 2598 De
350 2537 551 2596 matrimoniis.
608 2539 706 2598 Tract.
738 2540 798 2598 III.
848 2540 896 2598 De
927 2539 1148 2599 hereditatibus.

272 2637 370 2695 Tract.
387 2637 439 2694 IV.
470 2636 517 2694 De
540 2635 654 2695 indiciis
675 2637 752 2695 inter
773 2636 883 2696 fideles.
926 2637 1024 2695 Tract.
1039 2638 1075 2695 V.
1102 2639 1150 2696 De

271 2733 422 2813 praeceptis
436 2732 589 2790 Canonicis
603 2733 813 2792 communibus.
1213 2735 1250 2792 28

233 2831 324 2890 Index
337 2840 464 2908 quatuor
479 2829 670 2887 Tractatuum
685 2828 804 2888 secundi
819 2829 976 2888 voluminis
990 2830 1149 2908 Ebedjesu.
1210 2850 1252 2908 94

232 2930 387 2988 Tractatus
399 2927 455 2984 VI.
476 2927 523 2984 De
534 2926 716 3004 Presbyteris
728 2937 758 2986 et
770 2927 907 2986 Diacouis
921 2927 1042 3005 aliisque
1056 2930 1150 2987 mino·

270 3026 351 3084 ribus
372 3023 532 3088 ordinibus,
548 3031 577 3080 et
596 3022 633 3081 de
653 3023 867 3103 Chorepiscopo
882 3033 912 3082 et
927 3022 1149 3084 Archidiacono.

273 3123 371 3180 Tract.
383 3120 460 3180 VII.
482 3120 530 3178 De
543 3119 733 3178 Monachatu.
778 3121 876 3178 Tract
892 3119 984 3178 VIII.
1014 3121 1061 3179 De
1076 3122 1149 3202 Epi·

272 3218 366 3298 scopis
390 3228 420 3276 et
442 3214 651 3294 Metropolitis.
701 3215 800 3274 Tract.
815 3217 870 3275 IX.
904 3215 952 3274 De
973 3216 1150 3277 Patriarcha.

273 3314 444 3392 Sequuntur
458 3313 586 3392 capitula
601 3312 637 3371 de
651 3311 790 3370 librorum
805 3312 1055 3391 compositoribus,
1071 3323 1101 3372 et
1116 3315 1152 3373 de

272 3413 376 3470 horum
392 3430 534 3470 canonum
550 3410 740 3469 observantia.
1212 3417 1253 3491 96

151 3511 234 3570 Idem
250 3510 334 3589 Opus
348 3509 523 3567 Ennnrnsu
538 3506 569 3564 iu
583 3506 716 3585 originali
731 3506 857 3566 auctoris
870 3506 971 3586 lingua
985 3507 1112 3588 Syriaca.
1195 3514 1252 3587 169

151 3607 326 3666 Zacnsnnn
349 3605 519 3664 Rnnuonrs
542 3604 682 3684 Episcopi
704 3604 902 3664 Melitinensis
925 3606 1019 3684 capita
1044 3606 1150 3665 selecta

192 3703 283 3763 XIX.
298 3723 333 3761 ex
347 3702 410 3778 ejus
423 3699 574 3779 deperdita
589 3701 731 3770 Historia,
742 3722 808 3760 cum
819 3701 983 3778 fragmento
997 3701 1033 3761 de
1048 3703 1149 3761 Romae

193 3800 354 3879 originibus
368 3808 398 3856 et
412 3796 540 3855 aedificiis
548 3820 559 3868 3
582 3797 704 3876 Syriaco.
1191 3820 1207 3876 3
1212 3819 1251 3876 3²

151 3897 266 3958 Eodem
280 3896 374 3976 capita
387 3894 503 3952 Latine.
1191 3900 1246 3973 361

631 4007 714 4070 Pars
729 4007 779 4069 II.

153 4129 318 4188 Gnrroonrr
332 4127 586 4186 Anunrnsnsou
603 4127 826 4186 Bne-Humum
842 4128 1032 4187 Nomocanon
1048 4129 1151 4189 Eccle-

195 4224 245 4282 siae
258 4223 449 4284 Antiochenae
464 4225 613 4303 Syrorum,
625 4225 740 4293 Latine,
753 4226 912 4305 interprete
925 4224 1048 4304 Aloysio
1062 4224 1152 4286 Asse.

195 4341 289 4380 mano.
1156 4327 1251 4384 1—268
