2790 4958
163 298 206 359 ro
526 293 894 380 nonatsptanpam.

169 532 291 588 Annmr
306 530 448 589 Ancurru
464 528 604 608 Epistola
620 529 662 587 11.
677 528 713 588 ad
726 527 947 587 Gallicellulam.
1191 546 1248 603 321

167 627 303 707 Ejusdem
318 625 452 705 Epistola
465 625 501 684 ad
517 626 714 704 Eridngisnm.
1191 642 1249 700 322

164 724 303 803 Ejusdem
318 723 448 782 Prefatio
468 722 504 780 ad
518 722 668 781 Arnonem
689 723 867 802 Episcopum
887 722 1149 800 Saltaburgensem,

205 823 235 879 in
254 821 473 900 Expositionem
494 820 675 879 Psalmorum
695 841 768 898 quos
790 819 1003 880 Paenitentiales
1023 830 1054 879 et
1075 819 1149 878 Gra·

204 918 303 978 duales
316 928 426 984 vocant,
440 938 474 976 ac
488 917 596 976 Psalmi
611 936 717 975 uxvrrr.
1190 934 1249 992 323

165 1017 312 1076 Dunuanr
329 1016 445 1075 Reclusi
461 1014 596 1095 Epistola
609 1014 645 1072 ad
658 1014 962 1092 carolum-Magnum.
1190 1033 1250 1089 324

164 1114 345 1194 Praeceptum
364 1114 520 1172 Lnnovrcr
542 1112 589 1170 Pii
612 1113 799 1192 Imperatoris
819 1113 849 1169 in
870 1112 992 1190 gratiam
1010 1109 1149 1170 Ecclesia

205 1212 236 1270 S.
251 1211 362 1271 Juliani
377 1210 565 1280 Brivatensis‚
579 1228 665 1287 quam
681 1210 874 1287 Berengarius
887 1228 982 1267 comes
995 1206 1149 1267 reaedifica-

203 1320 293 1369 verat.
1188 1308 1248 1381 328

164 1404 343 1485 Praeceptum
367 1405 478 1462 Prrrru
501 1404 668 1482 Aquitaniae
689 1403 787 1482 Regis,
809 1423 867 1480 qno
886 1403 961 1460 bona
983 1402 1014 1459 S.
1029 1401 1148 1460 Juliano

204 1502 367 1561 Brivatensi
381 1501 485 1559 collata
498 1501 656 1560 confirmat.
1188 1517 1248 1576 329

164 1599 302 1680 Iliploma
314 1599 472 1657 Luuovrcr
489 1598 539 1656 Pii·
550 1618 583 1658 ac
594 1599 755 1658 Lornanrr
767 1598 990 1676 Imperatorum,
1001 1616 1060 1675 qno
1069 1599 1146 1655 Con.

201 1695 382 1753 stitutionem
392 1693 413 1751 J
414 1713 476 1751 ome
487 1693 705 1753 Aurelianensis
719 1692 858 1772 Episcopi
871 1712 924 1770 pro
938 1691 1146 1750 instauratione

201 1791 372 1851 Monasterii
388 1790 571 1848 Miciacensis
584 1789 763 1848 confirmant.
1174 1788 1245 1846 ibid.

157 1888 330 1947 Arranaran
345 1887 483 1966 Episcopi
498 1886 631 1965 Epistola
645 1886 680 1944 ad
694 1884 871 1944 Hieremiam
886 1883 1145 1963 Archiepiscopum

201 1987 406 2045 Senonensem.
1186 2003 1202 2058 3
1207 2002 1245 2058 3ο

161 2082 341 2141 Hinnnmrrn
355 2082 392 2141 ad
406 2081 595 2140 Amalarinm.
1172 2081 1243 2140 ibid.

161 2176 300 2236 Amalarii
314 2178 350 2237 ad
364 2179 385 2236 J
386 2198 470 2236 onam
485 2177 722 2236 Aurelianensem
738 2175 926 2255 Episcopum.
1173 2176 1244 2235 ibid.

159 2308 300 2319 -—
313 2275 349 2334 ad
365 2275 553 2352 Rantgarimn
570 2274 668 2354 Episc.
684 2273 918 2331 Noviomensem.
1174 2272 1244 2331 ibid.

158 2405 299 2419 -—-
312 2372 348 2431 ad
363 2372 522 2431 Hettonem
538 2372 724 2430 Monachum.
1185 2389 1240 2446 332

159 2503 300 2517 ---
312 2468 347 2527 ad
362 2468 554 2528 Guntardum.
1170 2468 1242 2527 ibid.

157 2598 297 2614 ---
310 2566 346 2625 de
360 2567 568 2626 Observatione
582 2566 825 2645 Quadragesimae.
1183 2584 1241 2642 333

158 2664 265 2723 Literae
280 2664 483 2723 Monacborum
498 2664 529 2722 S.
541 2664 667 2742 Rernigii
681 2664 837 2730 Remcnris,
851 2663 957 2741 quibus
977 2663 1144 2723 societatem

197 2763 300 2819 ineunt
313 2779 377 2818 cum
393 2759 545 2818 Monacbis
559 2760 591 2818 S.
604 2761 737 2839 Dionysii
752 2761 783 2818 in
798 2760 928 2819 Francm.
1171 2760 1243 2820 ibid.

133 2843 136 2847 ⁴
158 2856 380 2937 Apologeticum
395 2854 538 2914 Eunomo
551 2856 769 2937 Archiepiscopi
785 2857 946 2916 Remensis.
1184 2876 1201 2933 3
1205 2877 1222 2933 3
1225 2873 1242 2934 5

159 2953 330 3011 Hrncnam
357 2952 575 3032 Archiepiscopi
604 2953 755 3013 Remensis
782 2954 917 3034 Epistola
944 2953 980 3012 ad
1006 2953 1141 3012 Carolum

198 3049 320 3108 Calvum
335 3050 512 3108 Francorum
524 3050 644 3128 Regem.
1184 3069 1200 3128 3
1204 3070 1242 3128 37

158 3148 320 3206 Lornanrr
350 3149 424 3227 Imp.
451 3148 641 3227 Praeceptum,
666 3168 724 3227 quo
752 3147 889 3207 Amoloni
917 3147 1143 3228 Arcbiepiscopo

197 3243 385 3323 Lugdunensi
399 3243 506 3324 praedia
518 3244 648 3322 quaedam
663 3245 866 3305 restituuntur.
1045 3284 1047 3289 -
1183 3264 1243 3322 339

160 3341 297 3420 Ejusdem
311 3340 499 3400 Confirmatio
513 3341 704 3401 Fundationis
718 3341 851 3412 Abbatiac
866 3340 1114 3401 Grandis-Vallis.
1170 3342 1242 3402 ibid.

159 3439 294 3516 Ejusdem
319 3439 510 3518 Praeceptum,
534 3458 593 3516 quo
621 3439 754 3517 Remigio
775 3439 965 3517 Lugdunensi
988 3438 1141 3518 Archiepi-

187 3553 284 3615 'scopo
297 3535 353 3594 alia
365 3535 472 3614 pradia
485 3537 624 3594 restitnit.
1099 3584 1102 3588 .
1182 3555 1242 3612 340

159 3634 295 3712 Ejusdem
306 3633 496 3712 Proeceptum,
511 3652 569 3711 quo
583 3633 675 3693 eidem
689 3633 745 3692 alia
760 3635 834 3692 bona
846 3634 984 3693 restituit.
1171 3635 1242 3694 ibid.

159 3729 295 3810 Ejusdem
316 3732 506 3810 Praeceptum,
531 3750 590 3809 quo
612 3730 710 3789 villam
734 3730 886 3808 quamdam
909 3731 993 3790 Jonoe
1012 3731 1140 3791 Eduensi

196 3828 489 3908 Episcopcrestituit.
1171 3830 1242 3890 ibid.

158 3925 294 4004 Ejusdem
318 3926 509 4004 Praeceptum,
537 3946 595 4004 quo
623 3926 655 3985 S.
678 3925 759 3984 Petri
787 3926 954 3985 Jnrensium
981 3926 1139 3986 Ecclesiam

187 4022 384 4101 'Lugdunensi
399 4021 537 4081 Ecclesia
551 4023 672 4081 confert.
1181 4042 1239 4099 341

157 4119 294 4199 Ejusdem
304 4118 494 4198 Praeceptum,
504 4138 562 4195 quo
571 4118 753 4178 Saviniacum
767 4119 861 4180 eidem
873 4119 1012 4179 Ecclesiae
1025 4121 1147 4181 confart.
1168 4120 1241 4181 ibid.

154 4217 293 4298 Ejusdem
321 4216 512 4295 Prmceptum,
536 4236 595 4293 qno
619 4216 827 4277 Nantuadense
855 4218 1018 4277 coenobium
1046 4217 1139 4278 eidem

196 4313 333 4373 Ecclesiae
347 4313 443 4371 donat.
589 4383 592 4386 ‚
816 4370 818 4374 ,
852 4316 862 4327 ”
1168 4316 1239 4377 ibid.
