2790 4958
147 289 191 351 84
371 224 385 247 i
511 285 654 352 Fabricii
674 283 875 351 Bibliotheca.

1181 427 1202 476 Ρ
1234 461 1242 474 .

150 497 374 558 Observationes
396 508 427 556 et
448 496 686 565 Emendationes‚
706 516 779 573 quas
801 494 905 555 Claud.
922 493 1083 553 Salmasius
1103 494 1140 554 ad
1202 443 1234 492 ag

191 594 327 654 Codicem
341 593 480 654 Ecclesiae
498 593 654 662 Africana,
676 613 693 652 a
709 592 873 672 christoph.
884 591 1016 660 dunello,
1038 592 1129 652 Paris.

194 692 279 768 1615.
295 693 322 750 8.
332 690 453 761 editum,
468 711 556 750 mauu
570 710 622 749 sua
635 689 827 768 consignavit.
1184 689 1220 746 16
1223 705 1241 766 5

148 786 363 847 Annotationes
376 798 406 847 et
421 787 647 847 Emendationes
660 787 691 845 in
706 785 846 866 Hesychii
859 785 998 845 Lexicon.
1184 803 1240 863 172

148 885 341 944 Pnuuuacm
357 885 566 963 Fragmentum
581 904 634 963 pro
648 883 822 942 Nobilitate.
1183 902 1241 962 273

190 1042 286 1110 Liber
311 1042 437 1108 Primus
463 1043 614 1109 Photiani
638 1045 678 1110 de
700 1044 891 1110 Paulioianis
912 1043 1025 1131 operis,
1042 1045 1158 1108 Φωτίου
1186 1048 1241 1108 τοῦ

147 1145 311 1228 ἆγιωτάτου
322 1147 553 1229 ἆρχιεπισκόπου
563 1150 906 1216 Κωνσταντινουπόλεως
920 1150 954 1212 lv
965 1148 1098 1230 συνόψει
1109 1145 1244 1228 διήγησις

145 1253 205 1312 τῶν
226 1254 399 1331 νεοφαντῶν
421 1251 600 1332 Μανιχαίωυ
621 1249 888 1330 ἆναβλαστήσεως,
908 1249 1116 1314 Bibliothecae
1131 1248 1242 1314 Ooisli-

145 1349 258 1427 nianae‚
291 1353 338 1435 (p.
357 1351 533 1433 349-375.)
564 1373 635 1436 quae
665 1352 847 1416 doctissimo
877 1351 1088 1416 Montlaucon
1115 1350 1241 1429 edente,

149 1451 290 1530 Parisiis,
317 1474 402 1516 anno
425 1475 559 1517 mcccxv.
583 1454 617 1518 in
639 1455 742 1519 lucem
765 1453 924 1540 prodiit,
911 1476 980 1538 Jam
1004 1453 1141 1518 insertus
1159 1459 1242 1518 erat.

146 1553 211 1618 Sed
226 1553 400 1617 Wolfius“
410 1554 620 1619 necessarium
634 1556 769 1640 putavit,
785 1562 823 1620 nt
843 1556 928 1620 idem
949 1555 1001 1620 ille
1021 1555 1101 1620 liber
1120 1555 1242 1682 primus

144 1679 217 1721 oum
231 1656 355 1722 caeteris
369 1657 472 1721 tribus
485 1657 537 1721 bic
552 1659 791 1724 recuderetur?

637 1860 746 1932 VIII.

186 2005 211 2070 J
212 2027 330 2071 osuurs
344 2005 507 2068 Atarneus
523 2004 698 2086 Fuaurorus,
708 2007 757 2072 vir
770 2029 868 2094 snpra
881 2008 991 2073 landes
1005 2027 1093 2072 meas
1106 2006 1240 2093 positus,

145 2115 243 2194 atque
252 2106 374 2171 Wolfio
387 2107 670 2192 conjunctissimus,
682 2111 833 2176 nonnulla
847 2118 957 2176 vetera
972 2110 1183 2175 Monumenta
1196 2111 1241 2175 ad

146 2213 211 2276 Res
222 2211 461 2276 Ecclesiasticus
476 2211 664 2296 spectantia,
676 2219 733 2278 aut
742 2213 897 2278 hactenns
911 2213 1041 2292 inedita,
1053 2218 1110 2278 aut
1125 2213 1241 2278 saltem

146 2316 278 2394 rariora,
301 2313 366 2378 suis
387 2313 594 2380 Bibliothecis
622 2315 767 2381 inseruit.
811 2315 1009 2381 Bibliotheca.
1023 2317 1141 2395 Graeca,
1169 2339 1241 2401 quae

146 2416 328 2504 Hamburgi
345 2421 410 2503 (an.
427 2418 636 2502 lma-1728)
652 2419 781 2504 prodiit,
796 2419 961 2503 sequentia
976 2418 1183 2483 exhibentur:

145 2572 239 2631 'l'omo
253 2572 291 2631 V.
313 2572 500 2631 Mrcunnms
515 2573 637 2632 Psannr
652 2575 813 2632 Διδασκαλία
832 2576 991 2646 παντοδαπὴ,
1006 2575 1067 2633 sive
1088 2574 1125 2633 de
1144 2574 1241 2633 omni-

360 2669 433 2728 faria
447 2671 589 2730 Doctrina
603 2671 707 2751 Capita
727 2682 758 2730 et
772 2672 957 2742 Qnaeationes
977 2691 1010 2730 ao
1024 2670 1241 2749 Responsiones

359 2767 504 2826 CXCIII.
525 2767 561 2825 ad
580 2768 754 2827 Michaclem
775 2769 888 2828 Ducam
904 2769 1112 2847 Imperatorem
1127 2767 1220 2825 CPol.

362 2867 414 2923 Gr.
425 2865 491 2923 Lat.

147 2964 240 3022 Tomo
254 2963 345 3022 VIII.
367 2965 396 3021 S.
411 2963 539 3022 Basrnn
561 2963 663 3041 Magni
685 2965 871 3023 Precationes
895 2963 1036 3042 quadam.

362 3060 414 3117 Gr.
429 3060 495 3118 Lat.
1068 3083 1097 3140 p.
1108 3080 1239 3139 92-100.

322 3158 495 3235 Fragmenta
509 3177 545 3216 ex
559 3157 641 3216 libris
655 3153 842 3217 Eusrsrun
857 3157 1036 3216 Antiocheni

362 3252 529 3332 deperditis.
552 3254 605 3314 Gr.
620 3255 687 3314 Lat.
1043 3276 1072 3334 p.
1090 3256 1239 3330 170-188.

320 3350 464 3409 Euuoun
502 3351 641 3409 Haeretici
672 3352 830 3432 Expositio
858 3351 952 3411 Fidei.
985 3351 1038 3410 Gr.

360 3448 428 3506 Lat.
1047 3470 1077 3530 p.
1088 3451 1237 3526 253-260.

321 3545 459 3624 Ejusdem
473 3544 691 3624 Apologeticns.
715 3547 768 3604 Gr.
780 3548 847 3605 Lat.
1049 3568 1077 3628 p.
1089 3550 1239 3626 πόα-305.

323 3643 360 3702 Β.
386 3643 585 3702 Hrunourur
615 3644 786 3724 (Scriptoris
814 3645 921 3718 Graeci)
949 3646 1036 3704 Com·

360 3740 501 3800 mentatio
515 3739 552 3798 de
566 3739 661 3799 Sensu
672 3740 895 3800 Christianismi.
908 3742 1034 3802 Galat.
1049 3764 1077 3822 p.
1088 3744 1239 3819 377-384.

320 3840 461 3920 Ejusdem
476 3838 662 3918 colloquium
676 3859 742 3898 cum
756 3839 776 3897 J
779 3840 870 3899 udoeo.
893 3841 946 3900 Gr.
954 3842 1021 3900 Lat.
1045 3862 1076 3921 p.
1086 3843 1238 3921 384-398.

149 3940 242 3998 Tomo
255 3937 297 3996 X.
318 3937 349 3996 S.
359 3936 509 3995 Asnaus
521 3936 668 3995 Cretensis
682 3937 815 3996 Homilia
828 3938 864 3997 de
876 3938 1037 3999 Publicano

362 4043 393 4091 et
405 4033 560 4091 Phariaaeo.
583 4034 635 4091 Gr.
648 4034 715 4093 Lat.
1047 4058 1077 4116 p.
1092 4056 1184 4112 141-1
1190 4055 1206 4115 5
1209 4053 1238 4115 5.

321 4122 456 4190 Precatio
469 4130 507 4188 ad
516 4130 674 4189 Dominum
688 4144 819 4191 nostrum
830 4135 851 4193 J
853 4154 932 4194 esum
943 4134 1042 4194 Chris·

359 4238 433 4297 tum,
453 4227 606 4293 matutina,
628 4229 795 4298 meridiana,
816 4241 847 4289 et
868 4232 1041 4310 vespertina.

362 4324 496 4383 orna.
1049 4348 1237 4408 nass-³39·
