2790 4958
440 336 570 400 Rotae
584 347 612 401 et
625 338 736 402 Mam·
748 336 891 402 Macalla
950 386 956 399 .
1180 340 1243 402 183

145 584 176 641 J.
192 586 230 642 D.
246 585 343 645 Mansi
359 587 508 647 Praefatio.
1182 506 1242 662 ἷὲἒ

143 680 254 739 Literae
276 680 449 740 Monnasnr
479 684 624 762 Principis
653 684 788 761 Organioe
815 684 852 742 ad
880 682 1061 742 Clementem
1083 682 1138 740 VI.

187 777 226 834 R.
242 776 279 836 Ρ.
1170 778 1239 838 ibid.

143 875 166 931 J
168 917 175 932 .
191 874 231 932 D.
248 875 346 933 blansi
360 875 532 936 Adnotatio.
1186 877 1241 934 186

145 972 310 1029 Poncnnnr
325 974 428 1032 Oratio
442 974 478 1032 ad
492 975 530 1033 D.
546 976 689 1033 Caesarem
704 973 923 1051 sigismundum
939 973 1051 1032 Romae.
1169 972 1239 1031 ibid.

145 1068 252 1126 Pasas
279 1088 319 1126 mr
347 1071 469 1129 Morere
495 1070 605 1130 Veneti
630 1070 766 1149 Epistola
793 1069 830 1128 ad
858 1069 1017 1146 Georgium
1046 1071 1140 1128 Caesa-

185 1162 293 1220 rinum.
1184 1166 1239 1224 188

145 1258 266 1315 Canum
282 1258 326 1318 11.
342 1259 450 1319 Siciliae
465 1261 554 1339 Regis
568 1262 689 1320 Litterae
702 1261 739 1319 ad
754 1260 962 1320 Bononienses.
1185 1281 1239 1338 192

145 1354 254 1413 Literae
270 1357 390 1415 Concilii
405 1358 582 1417 Basileensir
595 1359 632 1417 ad
647 1358 862 1436 Hieronymum
877 1357 913 1415 de
928 1357 1022 1435 Praga
1036 1357 1140 1416 Mona-

186 1451 271 1508 chum
288 1455 548 1514 Camaldulensem.
1169 1454 1239 1513 ibid.

146 1548 197 1605 Pn
213 1549 256 1607 ΙΙ.
272 1550 391 1610 Litterae
404 1552 441 1610 ad
457 1552 625 1631 Philippum
641 1550 819 1629 Burgundiae
833 1551 956 1610 Ducem.
1183 1571 1238 1628 193

144 1644 254 1704 Literae
267 1645 412 1705 Euenum
428 1648 520 1706 Parin
535 1648 593 1706 IV.
608 1648 646 1706 ad
660 1647 887 1705 Universitatem
903 1646 1104 1705 Pariaiensem.
1184 1667 1240 1725 194

146 1740 285 1818 Ejusdem
300 1743 408 1802 Literae
422 1745 459 1803 ad
473 1745 652 1824 Episcopum
667 1743 899 1803 Malleacensem.
1184 1760 1237 1821 195

145 1836 254 1895 Literae
268 1839 456 1898 Januenrium
477 1839 514 1897 ad
529 1840 641 1898 Ducem
656 1839 903 1898 Mediolanensem
925 1839 961 1897 de
981 1839 1139 1898 rebellione
1197 1876 1201 1885 ι

186 1954 239 1992 sua
252 1945 381 2014 tempore
402 1957 460 2014 quo
482 1937 547 1995 Rex
566 1935 735 2014 Aragonum
757 1937 853 2015 praeda
873 1937 931 1996 fuit
945 1937 1138 1995 Januensium

185 2041 215 2088 et
230 2030 335 2090 ductus
350 2033 561 2091 Mediolanum.
1169 2032 1240 2091 ibid.

144 2126 192 2185 cl.
208 2128 340 2186 Oratoris
362 2130 508 2186 Gnarum
530 2128 709 2188 Veronensis
731 2129 768 2186 ad
789 2128 838 2186 Ill.
859 2130 1025 2208 Principem
1046 2129 1138 2188 Nico-

183 2223 262 2281 laum
277 2225 478 2283 Marchionem
490 2223 647 2284 Estensem
659 2225 815 2302 gratulatio
829 2246 882 2304 pro
896 2227 1037 2285 revocatis
1050 2227 1087 2284 ab
1101 2246 1136 2285 eo

185 2320 217 2377 in
231 2321 353 2398 gratiam
369 2322 520 2401 Hispanis.
1183 2323 1240 2397 196

146 2417 312 2476 Bonrracu
338 2416 430 2491 (forte
454 2418 526 2489 IX.)
551 2417 686 2496 Epistola
712 2418 750 2476 ad
773 2418 929 2483 Lucenses,
958 2428 992 2475 ut
1015 2419 1139 2496 puniant

187 2513 368 2572 Ghibellinos
383 2514 489 2572 Patriae
503 2525 533 2572 et
547 2513 686 2572 Ecclesiae
699 2514 806 2573 hostes.
1184 2515 1240 2591 198

144 2610 351 2689 Interpretatio
364 2609 529 2669 Literarum
545 2611 719 2668 Patriarchae
732 2609 896 2668 Antiochiae
910 2608 948 2666 ad
962 2610 1016 2668 SS.
1031 2610 1066 2666 P.
1081 2610 1101 2667 J
1104 2630 1137 2666 u.

183 2705 257 2764 lium
278 2707 339 2764 Ill.
361 2727 412 2786 per
427 2707 464 2764 R.
477 2708 564 2766 P.D.
586 2705 765 2785 Episcopum
787 2707 975 2775 Maronitam,
997 2717 1026 2765 et
1047 2706 1137 2784 magi-

182 2813 275 2861 strum
290 2801 478 2861 Ambrosium
492 2803 528 2862 de
543 2802 649 2862 Melita
662 2801 783 2861 Ordinis
798 2801 1034 2861 Praedicatorum.
1183 2819 1242 2876 199

144 2900 165 2957 J
167 2943 174 2956 .
189 2899 230 2956 D.
245 2900 342 2958 Mansi
356 2899 446 2958 Nota.
1181 2899 1240 2955 206

145 2995 288 3072 Ejusdem
303 2995 499 3055 Praemonitio.
1167 2993 1238 3052 ibid.

144 3093 310 3151 chronicon
325 3093 360 3150 de
373 3093 462 3171 gestis
480 3103 580 3152 contra
594 3092 780 3151 Fratricellos
800 3103 918 3153 auctore
932 3093 952 3150 J
954 3111 1061 3151 onnus
1077 3092 1139 3150 Mi-

185 3189 290 3248 norita.
1140 3266 1143 3273 .
1167 3187 1238 3246 ibid.

144 3285 196 3343 Ad
216 3285 364 3364 superiora
385 3284 543 3364 Opuscula,
559 3306 610 3344 seu
632 3285 792 3344 Historiam
812 3285 849 3344 de
870 3284 1048 3343 Fratricellis
1062 3281 1138 3341 Ani.

184 3381 346 3439 madversio
360 3391 390 3439 et
404 3380 630 3439 Dissertationes
645 3380 682 3438 R.
695 3381 729 3437 P.
740 3380 781 3438 N.
794 3380 844 3438 W.
859 3379 897 3437 Ο.
910 3380 955 3437 M.
967 3381 1003 3437 1..
1017 3380 1054 3438 T.
1178 3398 1194 3454 3
1201 3397 1238 3456 59

145 3478 171 3537 1.
202 3477 376 3535 Dissertatio
402 3473 593 3555 Apologetica
620 3497 673 3555 pro
697 3477 830 3534 Romano
856 3475 999 3535 Pontifice
1026 3477 1140 3535 Joanne

187 3573 294 3630 XXII.
1169 3572 1238 3630 ibid.

145 3671 189 3729 II.
206 3672 265 3728 Pro
286 3671 398 3729 Ordine
419 3670 570 3728 Minorum
593 3672 621 3727 S.
644 3669 790 3727 Francisci
810 3668 1002 3748 Apologetica
1023 3667 1137 3726 Disser-

186 3766 268 3834 tatio,
282 3767 313 3823 in
327 3786 384 3843 qna
398 3766 435 3824 de
449 3765 685 3823 Fratricellorum
699 3765 811 3841 origine
826 3775 855 3823 et
869 3774 995 3822 auctore.
1179 3766 1236 3838 363

143 3863 175 3921 J.
192 3865 230 3923 D.
244 3862 342 3921 Mansi
357 3862 496 3920 Praefatio
509 3861 541 3918 in
554 3872 722 3939 sequentem
737 3861 947 3920 collectionem
962 3862 1123 3919 Canonum.
1179 3863 1239 3933 368

143 3957 175 4014 J.
190 3959 229 4016 D.
244 3959 344 4016 Mansi
359 3956 527 4015 admonitio.
1179 3975 1237 4034 392

144 4050 287 4110 Collectio
302 4051 501 4130 Epistularum
516 4049 706 4127 quorumdam
722 4048 919 4106 Romanorum
936 4049 1120 4105 Pontificum.
1169 4047 1238 4107 ibid.

145 4146 293 4205 Professio
308 4145 392 4206 Fidei
410 4145 488 4205 edita
501 4167 518 4204 a
533 4145 709 4205 Bomrncro
724 4143 814 4202 VIII.
831 4154 983 4222 postquam
999 4142 1137 4201 Pontifex

186 4243 373 4302 renunciatus
387 4254 441 4302 est.
1179 4238 1239 4311 418

144 4339 166 4396 J
170 4385 176 4396 .
193 4340 232 4397 D.
249 4340 348 4399 Mansi
362 4339 533 4398 Adnotatio.
1170 4333 1239 4390 ibid.

701 4451 755 4505 N4
