2790 4958
263 316 359 389 tutu
374 317 476 383 Codes
489 319 692 404 Apcctyplut
703 320 789 383 Nori
807 320 996 386 Testamenti.
1125 327 1192 391 247

83 487 125 546 X.
145 488 278 561 ’Δναφορὸ
292 498 323 546 et
335 490 487 562 napum
500 491 629 558 Πιλάτου,
649 488 760 547 Groeoe.
1045 491 1117 570 Pag.
1130 492 1187 567 803

82 584 141 643 XI.
162 583 264 643 Codex
285 585 440 662 Evangelii
458 586 584 644 Joannei
607 586 725 644 Parisiis
743 586 774 644 in
798 589 886 646 Sacro
905 587 1086 666 Templario·

123 701 189 739 rum
204 679 362 739 Tabulario
375 692 570 740 asservatusc.
1129 687 1186 762 817

82 777 158 835 XII.
179 777 268 835 Liber
283 775 315 834 S.
326 778 449 835 Joannis
463 778 658 857 Apocryphus
667 789 693 834 P.
1047 781 1188 859 884-896

136 977 308 1042 “Omnino
330 978 465 1054 tribus‚''
490 979 553 1043 Vir
577 980 778 1045 doctissimus
804 981 954 1067 loquitur,
983 991 1002 1020 “
1024 984 1084 1048 hoc
1108 1008 1188 1070 opus

80 1085 264 1150 absolvetur
286 1084 505 1149 voluminibus.
550 1085 669 1164 Primo,
693 1086 778 1171 quod
800 1108 884 1151 nunc
906 1087 1023 1172 prodit,
1047 1111 1188 1174 compre·

81 1188 265 1252 henduntur
285 1187 447 1272 evangelia
461 1210 533 1272 quae
548 1194 719 1272 supersunt
738 1188 921 1274 apocrypha
940 1213 979 1254 eo
998 1192 1109 1255 ordine
1124 1193 1188 1257 dis·

80 1289 197 1375 posita,
214 1312 277 1375 quo
297 1289 485 1375 evangelica
500 1289 641 1354 historiae
663 1289 866 1374 respondent.
913 1291 1057 1356 Medium
1072 1293 1186 1359 locum,

81 1413 177 1478 quem
197 1391 252 1455 illa
272 1412 406 1455 vacuum
429 1391 621 1476 relinquunt,
637 1398 773 1477 occupat
795 1392 991 1477 evangelium
1011 1395 1188 1460 Marcionis

80 1518 103 1560 a
125 1495 158 1560 S.
173 1494 214 1558 R.
230 1494 362 1559 Hahnio
382 1516 422 1559 ex
444 1494 639 1558 auctoritate
661 1501 804 1559 veterum
829 1503 1109 1562 monumentorum
1134 1500 1188 1564 dc-

80 1598 246 1684 scriptum.
299 1597 378 1679 Quae
406 1598 545 1663 accessio
575 1598 652 1683 quin
680 1605 776 1684 grata
804 1598 914 1664 futura
943 1600 986 1665 sit
1014 1602 1189 1668 lectoribus

80 1700 249 1786 plerisque,
264 1701 402 1764 maxime
416 1700 545 1778 extorio,
560 1722 625 1763 non
640 1700 762 1765 dubito.
801 1700 892 1765 Idem
907 1724 1000 1787 spero
1015 1705 1055 1768 de
1070 1705 1188 1790 duplici

79 1803 264 1889 appendice.
300 1803 454 1867 'Etenim
482 1803 522 1867 de
551 1803 672 1888 origine
701 1810 735 1868 et
765 1810 863 1869 aetate
899 1806 1016 1869 codicis
1044 1806 1185 1872 Joannei

81 1906 215 1971 Parisiis
235 1907 270 1969 in
291 1928 382 1971 sacro
402 1905 656 1991 Templariorum
677 1905 837 1970 tabulario
859 1909 1024 1988 asservati,
1040 1909 1073 1973 in
1092 1932 1188 1995 quam

80 2009 140 2072 riri
165 2007 339 2073 doctissimi
365 2008 487 2073 frustra
509 2007 748 2093 inquisiverimt,
773 2009 816 2072 ad
840 2009 996 2094 liquidum
1018 2013 1188 2077 veritatem

80 2109 160 2174 mibi
178 2110 288 2175 videor
307 2110 498 2196 explorasse.
542 2110 638 2174 Alter
657 2132 732 2174 vero
751 2110 832 2175 liber
852 2111 885 2176 S.
900 2112 924 2175 J
926 2113 1037 2178 oannis
1057 2136 1188 2201 apocry-

79 2213 172 2299 phus,
185 2214 275 2299 cujus
288 2214 392 2299 prima
406 2214 505 2279 editio
519 2213 554 2278 in
568 2214 742 2279 Germania
757 2222 807 2280 est
821 2215 995 2296 rarissima,
1006 2239 1071 2281 non
1086 2219 1188 2282 solum

79 2317 185 2380 denuo
214 2316 300 2402 typis
325 2316 512 2401 descriptus,
541 2316 598 2380 sed
623 2317 722 2380 etiam
747 2317 795 2382 ita
822 2318 902 2381 meis
927 2319 1188 2384 adnotationibus

81 2418 261 2483 illustratus
289 2425 348 2496 est,
377 2425 415 2482 ut
439 2418 607 2482 haeresium
631 2419 774 2483 historiae
799 2419 950 2483 studiosis
979 2442 1062 2484 nuno
1092 2421 1187 2486 lectio

80 2520 223 2604 ejusdem
248 2519 318 2604 plus
343 2519 510 2604 profutura
535 2520 587 2585 sit.
632 2519 813 2584 Secundum
835 2520 989 2598 volumen,
1010 2523 1096 2606 quod
1121 2547 1187 2588 non

80 2623 214 2708 despero
235 2622 380 2707 proximo
402 2644 487 2686 anno
506 2621 626 2686 absolvi
646 2642 747 2706 posse,
764 2621 791 2685 si
811 2621 899 2686 Deus
920 2630 1045 2687 annuat
1059 2626 1183 2710 coeptis,

44 2772 47 2777 -
80 2724 308 2808 complectetur
331 2723 436 2788 Actus
459 2723 698 2808 Apostolorum,
724 2722 887 2808 Epistolas
911 2730 945 2787 et
966 2724 1187 2811 Apocalypses

79 2825 299 2911 apocrypham
323 2826 376 2911 qui
395 2825 468 2890 libri
482 2825 655 2889 maximam
669 2831 796 2911 partem
810 2826 966 2890 hactenus
980 2833 1056 2891 sunt
1072 2827 1185 2892 inediti

83 2977 163 2992 ......
178 2927 323 3013 Denique
342 2928 375 2991 in
390 2928 488 2992 tertio
508 2934 596 2992 tomo
615 2927 739 2992 duabus
761 2928 908 3013 partibus
923 2928 1075 2993 distincto
1097 2930 1186 2994 locus

80 3029 144 3095 erit
158 3029 437 3114 disquisitionibus,
454 3030 564 3115 quales
585 3051 669 3093 nunc
689 3029 722 3093 in
738 3029 828 3093 libris
842 3029 1009 3115 isagogicis
1023 3032 1065 3095 ad
1081 3031 1185 3117 Scrip

78 3140 188 3197 turam
202 3132 334 3197 Sacram
348 3132 472 3197 institui
487 3131 620 3197 solent.”
642 3131 774 3196 Praefat.
790 3155 823 3216 p.
835 3131 956 3198 xi-xiii.

114 3379 129 3408 ο
146 3368 301 3418 Collatiouem
319 3377 416 3417 tautum
428 3368 521 3416 Codicis
536 3368 615 3415 Graeei
648 3383 701 3415 oum
709 3367 774 3416 istud
786 3368 962 3430 Spinozismum
974 3368 1079 3417 redolere
1087 3369 1185 3416 demon-

81 3433 223 3483 Parisiensis
244 3435 273 3482 cl.
295 3435 342 3482 Vir
363 3433 428 3495 operi
454 3449 498 3481 suo
523 3433 614 3480 inserit.
647 3442 716 3481 strat.

80 3499 221 3560 Suspicomr
233 3511 258 3548 et
273 3499 459 3548 adulteratorem
477 3498 502 3545 S.
511 3498 616 3546 Joannis
680 3508 695 3545 1>
712 3496 766 3544 Hoc
776 3496 919 3559 opusculum
929 3497 1183 3559 Pseudodoanneum,

78 3563 197 3626 evangelii
224 3573 249 3613 ot
271 3564 429 3613 architectum
451 3563 560 3622 Leuitict',
586 3571 616 3610 ut
646 3577 677 3610 ex
699 3562 768 3610 Actis
791 3561 959 3624 Inquisitionis
984 3563 1148 3611 Carcassonsis
1170 3578 1185 3610 a

78 3639 187 3688 vocatur,
202 3629 395 3692 Templariorum
412 3627 470 3692 (nisi
485 3627 534 3676 fuit
549 3643 615 3675 unus
647 3627 808 3675 Dominioeno
818 3627 858 3674 Jo.
872 3627 972 3677 Benoist
986 3629 1013 3676 iu
1025 3629 1134 3675 Histoire
1144 3629 1185 3675 dea

79 3693 191 3757 idemque
209 3695 335 3757 utriusque
353 3694 431 3757 operis
449 3691 544 3755 auctor)
562 3700 616 3754 post
647 3693 766 3752 Albiyeois
781 3701 826 3740 etc.
846 3691 917 3739 Tom.
930 3693 952 3741 I.
967 3710 992 3756 p.
1002 3690 1123 3757 283-296.
1135 3693 1184 3741 edi-

80 3758 178 3808 initium
200 3760 251 3809 Sec.
267 3760 370 3809 xvl11.
392 3758 486 3807 vixisse.
527 3758 616 3805 Leuiti-
647 3757 836 3806 tumsstParis.
849 3755 918 3820 1691.
