2790 4958
242 336 308 399 all
460 332 605 402 Modlaei
618 334 754 398 Petrum
770 333 944 397 mamam
961 329 1124 416 Opmcola

242 526 307 569 non
329 524 459 589 prorsus
482 503 585 570 otioso
607 504 728 590 scripta
750 503 904 569 videatur.
948 501 1132 567 Crebriores
1152 501 1238 565 enim
1253 521 1342 586 repe

242 608 383 686 titiones,
399 629 470 692 quae
484 609 518 671 in
532 630 571 673 ea
588 609 667 674 satis
687 615 762 673 sunt
776 607 966 692 frequentes,
982 605 1088 692 aliquo
1106 606 1204 670 modo
1224 605 1341 692 frigent

243 716 277 774 et
296 710 486 789 redundant,
502 710 644 775 molestae
664 710 761 775 etiam
781 715 865 788 suut,
880 708 1058 794 praesertim
1071 707 1182 772 lectori
1204 712 1341 772 attento.

243 811 400 875 Attamen
421 811 577 897 ejusmodi
598 811 696 875 etiam
717 811 826 876 insunt
848 810 1024 888 sententiae,
1039 832 1078 874 ea
1099 810 1198 875 etiam
1215 810 1341 895 quibus-

244 913 318 977 dam
332 913 365 976 in
378 912 456 977 locis
478 921 527 978 est
548 913 693 992 elocutio,
709 919 747 979 ut
765 913 848 977 hano
869 912 1047 976 orationem
1069 933 1133 976 non
1154 912 1284 977 omnino
1298 913 1342 975 in-

244 1014 373 1101 dignam
387 1015 512 1101 iugenio
527 1016 746 1102 Chrysostomi
761 1039 887 1080 censere
902 1016 1102 1080 debeamus.”
1124 1017 1162 1080 P.
1179 1034 1250 1101 151.

286 1249 540 1315 Commentarius
566 1250 599 1314 in
622 1256 761 1334 quatuor
784 1251 957 1336 Evangelia
982 1250 1156 1336 Euthymio
1178 1251 1343 1336 Zigabeno

243 1351 429 1432 attributus,
442 1354 496 1437 qui
511 1354 624 1417 edente
638 1353 684 1418 Cl.
697 1352 886 1418 Cnmsrmuo
902 1353 1071 1418 anunmo
1085 1355 1256 1432 Murrum,
1270 1354 1344 1439 Lip-

165 1498 168 1506 ,
244 1455 309 1533 siae,
334 1476 418 1519 anno
447 1478 598 1518 unccxcu.
624 1455 658 1518 in
679 1454 782 1519 lucem
802 1455 930 1540 prodiit,
957 1456 990 1518 in
1011 1477 1177 1521 numerum
1205 1455 1343 1521 Catena-

243 1578 316 1620 rum
341 1557 477 1621 Petrum
498 1555 681 1621 referendus
702 1563 762 1621 est.
811 1557 916 1639 Quum
941 1563 1050 1623 autem
1074 1558 1231 1623 collector
1256 1558 1345 1623 haud

243 1659 310 1723 iere
324 1680 503 1744 quenquam
523 1665 642 1745 praeter
663 1660 695 1724 S.
710 1660 735 1723 J
736 1681 870 1724 oannem
884 1660 1144 1746 Chrysostomum
1158 1660 1310 1725 exscribit
1318 1673 1343 1738 ³,

243 1762 481 1847 inscriptionem
495 1768 622 1828 tantum
636 1763 705 1848 ejus
719 1762 849 1831 Cetenae
864 1763 1029 1828 exhibebo.

245 1949 429 2043 Enthymii
450 1949 622 2043 Zigabeni
646 1950 928 2021 Commentarius
953 1954 991 2021 in
1013 1959 1163 2042 quatuor
1181 1951 1345 2046 Evange-

320 2065 368 2137 lia
385 2067 511 2138 Graece
535 2076 573 2137 et
596 2066 734 2137 Latine.
785 2067 940 2138 Textum
969 2068 1136 2140 Graecum
1160 2091 1344 2160 nunquam

319 2189 425 2251 antea
448 2183 584 2253 editum
606 2182 652 2251 ad
672 2183 779 2253 fidem
805 2184 954 2254 duorum
972 2183 1144 2255 Codicum
1168 2183 1346 2253 membra-

319 2319 508 2368 naceorum
536 2297 839 2369 Bibliothecarum
867 2297 932 2368 SS.
957 2298 1089 2391 Synodi
1116 2297 1344 2390 Mosquensis

320 2411 488 2483 Auctoris
514 2421 621 2482 aetate
649 2415 858 2506 scriptorum
888 2414 1076 2507 diligenter
1103 2416 1280 2484 recensuit
1306 2423 1344 2484 et

318 2531 469 2621 repetita
487 2529 661 2600 Versione
687 2529 816 2599 Latina
832 2529 856 2598 J
859 2531 980 2600 oannis
1002 2530 1174 2599 chtenii
1200 2532 1343 2621 suisque

318 2645 465 2735 adjectis
491 2642 864 2715 Animadversionibus
890 2645 1001 2714 edidit
1024 2644 1243 2715 Christianus
1267 2645 1344 2716 Fri-

319 2761 392 2830 der.
412 2759 581 2830 Matthaei
599 2760 837 2853 Collegiorum
856 2761 1098 2854 Imperialium
1115 2762 1342 2832 Rossicorum

318 2872 485 2944 Assessor
524 2883 562 2944 et
596 2872 803 2946 Academiae
832 2875 1054 2970 Vitemberg.
1086 2876 1218 2947 Graeco.
1252 2875 1342 2946 Litt.

320 2989 509 3059 Professor.
561 2988 702 3082 Lipsiae,
730 2995 840 3068 1792.
894 2991 1067 3084 Impensis
1095 2990 1345 3063 Weidmanni-

318 3107 402 3176 anis.
454 3104 498 3175 In
517 3111 596 3176 8v0.
647 3106 747 3176 Tom.
767 3106 838 3175 III.

288 3300 371 3364 Mihi
393 3307 463 3365 erat
483 3301 516 3364 in
537 3300 643 3365 animo
667 3302 707 3365 de
731 3302 887 3386 Panoplia
901 3302 1092 3387 Dogmatioa
1113 3301 1255 3385 ejusdem
1277 3301 1344 3365 Eu·

242 3403 355 3487 thymii
387 3402 549 3488 Zigabeni,
579 3402 770 3488 Tergobysti
806 3426 890 3469 anuo
920 3427 1030 3467 unccx.
1060 3404 1145 3489 typis
1177 3404 1343 3488 impressa,

246 3505 357 3589 (quam
376 3510 414 3567 ut
434 3504 596 3589 propriam
619 3505 790 3590 possideo)
816 3506 965 3570 nonnulla
988 3506 1101 3570 dicere.
1147 3505 1210 3569 Sed
1236 3505 1345 3570 claris-

243 3607 341 3671 simus
363 3606 529 3671 Fabricius
556 3606 653 3690 (Bibl.
678 3608 780 3672 Graec.
806 3608 895 3672 Tom.
916 3608 999 3671 VII.
1023 3631 1076 3693 pp.
1096 3608 1273 3689 460-472.)
1303 3608 1345 3673 de

276 3876 291 3907 a
307 3864 401 3914 Multos
419 3873 501 3913 tamen
521 3863 579 3914 ahos
597 3863 725 3925 consuluit,
745 3879 773 3913 ac
804 3881 828 3927 p.
841 3881 867 3930 9.
908 3867 948 3916 Ac
970 3867 999 3917 cl
1022 3866 1136 3916 Matthaei
1155 3865 1229 3924 dicit3
1253 3868 1270 3894 “
1288 3867 1343 3916 nui

243 3931 397 3980 suaaddidit.
432 3929 530 3978 Titulus
540 3928 606 3977 enim
622 3930 693 3990 primi
704 3929 772 3977 volu·
804 3931 883 3979 multa
898 3932 1078 3996 Chrysostomo,
1093 3931 1291 3992 praestantissimo
1305 3933 1345 3979 in-

243 3996 316 4044 minis
332 3996 367 4043 ita
382 4011 407 4043 se
420 3994 507 4049 haben
524 3991 647 4056 Ἐρμηνεία
657 3995 701 4041 τοῦ
711 3992 772 4042 κατὰ
804 4004 842 4044 ter
853 4004 951 4056 veteres,
963 4013 992 4044 ac
1008 4012 1070 4060 pene
1085 3996 1194 4056 dixerim,
1206 3997 1250 4043 uni
1266 3996 1344 4045 inter·

244 4061 365 4108 Ματθαῖον
379 4057 527 4118 εὐαγγελίου,
546 4056 679 4120 φιλοπόνως
697 4059 771 4121 epau:-
804 4061 865 4121 preti
876 4063 959 4110 debet:
978 4062 1056 4110 multa
1072 4062 1131 4109 item
1146 4076 1177 4109 ex
1188 4060 1272 4108 multis
1290 4061 1343 4110 aliis

243 4127 335 4184 σθεῖσα,
345 4121 453 4184 μάλιστα
465 4121 510 4182 μὲν
521 4121 566 4171 ἀπὸ
580 4125 624 4180 τῆς
640 4121 773 4183 ἐξηγήσεως
803 4124 900 4174 hausit:
917 4142 999 4176 omnas
1011 4127 1144 4174 animante
1161 4140 1186 4173 se
1194 4124 1345 4174 consuluisse

242 4191 287 4237 τοῦ
303 4191 329 4237 ἐν
345 4186 420 4248 ἁγίοις
434 4187 522 4245 πατρὸς
535 4185 601 4247 ἡμῶν
610 4185 719 4235 Ἰωάννου
729 4190 773 4236 τοῦ
803 4190 901 4238 videtur
919 4191 1075 4254 interpretes:
1096 4198 1179 4238 mmen
1196 4189 1223 4236 in
1243 4199 1343 4252 promtu

243 4250 421 4316 vaccrrdpcv,
439 4250 517 4299 ἔτιδὲ
534 4251 573 4300 nal
593 4251 639 4300 ἀπὸ
657 4250 773 4315 διαφόρων
804 4262 870 4315 sunt,
882 4271 935 4317 que
954 4257 985 4304 eb
1001 4257 1076 4319 ipsius
1093 4254 1212 4311 doctrino,
1223 4255 1306 4303 studio
1318 4262 1345 4303 et

243 4317 325 4366 ἄλλων
342 4314 457 4380 πατέρων,
476 4315 698 4376 συνεισενεγκόντος
719 4315 773 4365 τινὰ
804 4319 902 4382 ingenio
912 4321 1088 4371 ecoesamnc.”
1108 4319 1209 4368 Prata.
1223 4335 1247 4382 p.
1260 4333 1282 4366 1.

244 4382 283 4432 καὶ
298 4383 342 4431 τοῦ
356 4379 447 4438 ταύτην
463 4379 636 4442 ἐρανισαμένου,
666 4381 736 4430 Tom.
751 4383 771 4430 l.
