2790 4958
456 323 605 390 olonlar
618 325 804 390 SS.Patroe
816 324 937 390 natat.
1178 325 1243 393 21⁷

141 492 239 551 Tamo
252 491 326 552 XV.
346 492 430 551 Libri
444 493 476 551 in
490 494 644 552 Canticum
658 495 858 554 Cantioornm.

346 590 487 648 Romilia
499 591 532 648 in
545 590 662 649 Iaaiam.

347 686 486 744 Homiliae
501 687 534 745 in
546 687 715 746 Jeremiam.

225 781 314 844 XVI.
349 783 464 843 Selecta
476 783 507 840 in
522 783 665 842 Threnos.

252 876 257 885 '
346 880 563 938 Commentario
575 879 606 936 in
621 880 817 940 Ezechielem.

346 977 487 1035 Homilioe
499 977 530 1034 in
545 977 743 1037 Emhielem.

347 1073 461 1133 Seleota
474 1075 505 1131 in
519 1074 717 1134 Ezechielem.

347 1174 397 1231 Ex
412 1173 635 1232 Commentariis
648 1173 679 1230 in
693 1173 781 1232 Osee.

347 1269 562 1328 Commentaria
588 1269 621 1326 in
647 1268 842 1348 Evangelium
869 1270 1029 1328 secundum
1055 1271 1241 1332 lllatthaeum.

387 1365 473 1423 Tom.
484 1365 526 1422 X.
538 1364 596 1422 XI.
608 1364 683 1422 XII.

224 1461 332 1522 XVII.
357 1460 573 1519 Commentaria
596 1460 627 1516 in
651 1460 845 1537 Evangelium
871 1461 1030 1520 secundum
1054 1463 1242 1521 Matthaenm.

388 1558 474 1615 Tom.
490 1556 584 1614 XIII.
600 1556 690 1616 XIV.
704 1556 777 1616 XV.
792 1556 882 1616 XVI.
897 1557 1004 1615 XVII.

225 1654 350 1715 XVIII.
364 1653 460 1714 Series
473 1652 593 1712 Veteris
612 1653 866 1730 Interpretationia
879 1653 1160 1712 Commentariorum
1174 1655 1243 1712 Ori·

387 1751 470 1829 genis
482 1750 513 1806 in
528 1749 718 1808 Mattbaeum.

346 1846 483 1925 Origenis
496 1846 527 1903 in
540 1846 652 1903 Lucam
666 1844 805 1903 Homiliae
819 1844 972 1904 XXXIX.
987 1856 1018 1904 et
1032 1845 1217 1924 Fragmenta.

225 1944 315 2003 XIX.
357 1942 637 2002 Commentariorum
660 1939 691 1998 in
711 1941 904 2019 Evangelium
918 1942 1041 2002 Joannia
1056 1943 1141 2001 Tom.
1157 1942 1183 1999 I.
1197 1943 1242 2001 11.

388 2039 448 2097 III.
463 2038 522 2097 IV.
536 2039 573 2095 V.
589 2037 646 2095 VI.
661 2036 702 2094 X.

226 2135 300 2195 XX.
341 2133 623 2194 Commentariorum
645 2132 676 2189 in
698 2132 892 2210 Evangelinm
911 2133 1034 2192 Joannis
1048 2136 1133 2193 Tom.
1147 2136 1242 2194 XIII.

387 2232 474 2289 XIX.
489 2229 562 2287 XX.
575 2228 730 2286 XXVIII.
745 2228 885 2288 XXXII.

338 2328 514 2405 Fragmenta
528 2326 559 2382 in
574 2324 651 2383 Acta
664 2323 884 2403 Apostolorum.

226 2423 316 2483 XXI.
339 2422 620 2482 Commentariorum
634 2421 664 2477 in
680 2419 844 2499 Epistolam
866 2422 951 2480 Beati
971 2422 1057 2481 Pauli
1076 2423 1112 2482 ad
1134 2425 1243 2483 Roma-

368 2539 422 2578 nos
436 2519 504 2577 Lib.
519 2518 546 2576 I.
561 2517 603 2574 11.
618 2516 679 2574 111.
693 2515 751 2575 IV.
765 2516 801 2573 V.
816 2519 868 2575 v1.
883 2519 952 2577 Vll.
968 2520 1057 2578 VIII.
1072 2520 1131 2579 IX.
1146 2521 1186 2579 X.

339 2615 515 2693 Fragmenta
527 2614 560 2671 in
573 2611 722 2692 Epistulas
736 2611 822 2670 Beati
838 2612 932 2671 Pauli.

188 2828 313 2893 Eodem
337 2832 482 2911 tempore
510 2824 596 2889 idem
619 2822 808 2888 Franciseua
832 2823 998 2889 Oberthtir
1026 2826 1243 2892 oolleotionom

143 2931 205 2995 FS.
216 2930 353 2995 Petrum
365 2928 548 2994 Latinorum
561 2925 711 2989 inlunem
724 2925 852 2989 edebat.
895 2926 1020 2992 Titulus
1034 2934 1093 3008 eat,

144 3115 265 3210 Opera
282 3117 414 3188 Omnia
436 3114 647 3185 Sanotorum
668 3112 815 3183 Patrum
833 3115 1051 3185 Latinorum.
1104 3117 1245 3187 Wiroe·

219 3233 333 3326 burgi,
350 3233 389 3300 in
406 3230 557 3302 Officina
574 3228 733 3299 Libraria
760 3229 975 3301 Staheliana.
1009 3250 1246 3304 Mnccnxxx-

221 3368 296 3419 xc1.

459 3455 568 3521 Tomis
583 3456 609 3521 I.
625 3464 659 3522 et
674 3457 720 3520 II.
735 3454 939 3521 eontinentur

146 3595 186 3668 Q.
201 3594 349 3654 Sarmun
364 3592 545 3651 Fnounums
559 3593 785 3650 Taurunnmur
799 3592 898 3672 Opera
912 3592 1028 3651 Omnia.

544 3769 653 3833 Tomis
667 3769 721 3834 III
736 3774 770 3834 et
785 3768 847 3834 IV.

145 3908 177 3969 S.
192 3910 318 3967 Carnmn
333 3910 498 3966 Cunnum
513 3907 653 3986 Episoopi
667 3906 802 3983 Carthag.
817 3916 848 3964 et
867 3905 1009 3984 Martyris
1024 3906 1122 3985 Opera
1139 3910 1245 3967 omnia.

185 3999 342 4060 Accedunt
353 4003 514 4059 Crnmaru
527 4000 667 4058 Antioch.
679 3998 875 4068 Novarum,
886 4009 916 4055 et
931 3998 976 4055 M.
991 3998 1132 4056 Mruucn
1148 3999 1246 4057 Fam·

186 4116 235 4156 ms
247 4097 355 4176 Opera.

618 4217 719 4280 Tomo
734 4218 772 4280 V.

145 4354 291 4415 Annona
318 4355 388 4414 Afri
417 4356 555 4416 adversus
582 4355 693 4414 Gentes
723 4355 806 4413 Libri
831 4354 901 4412 Vll.
935 4365 966 4413 et
997 4352 1090 4412 Junm
1115 4351 1244 4412 Frnnrcr
