2790 4958
250 308 293 374 90
440 305 580 371 Macco
593 315 621 371 ct
635 306 774 371 Duruad
786 306 985 392 inplicatam
1003 307 1146 372 Colleclio.

741 697 853 769 XIII.

296 883 418 948 Eodem
445 891 589 968 tempore
620 883 661 946 D.
684 881 863 946 Eumenous
894 884 1053 947 Mnaruun
1082 891 1115 948 et
1145 884 1186 949 D.
1208 885 1350 950 Usamus

253 985 400 1066 Douma,
424 987 477 1070 qui
499 986 568 1070 jam
592 985 633 1048 ab
658 984 803 1048 omnibus
828 1006 935 1049 rerum
958 984 1255 1052 Ecclesiasticarum
1283 996 1349 1053 stu-

252 1086 349 1151 diosis
373 1087 546 1151 maximam
570 1086 707 1150 inierant
732 1085 879 1171 gratiam,
906 1087 1009 1151 altero
1034 1087 1186 1152 beneficio
1209 1089 1242 1152 in
1268 1112 1349 1154 rem-

251 1188 409 1274 publicam
423 1187 598 1252 literariam
613 1186 729 1251 collato
743 1186 877 1272 gloriam
891 1188 951 1251 sibi
966 1188 1177 1254 cumularunt.
1208 1190 1348 1255 Thesau-

251 1313 323 1354 rum
345 1311 461 1354 novum
484 1288 734 1367 Anecdotorum‚
759 1290 799 1353 da
825 1310 888 1373 quo
917 1311 1014 1374 supra
1042 1291 1089 1374 (p.
1112 1293 1190 1375 4-9)
1215 1293 1347 1378 egimus,

259 1392 394 1456 Veterum
416 1391 605 1476 Scriptorum
625 1391 825 1476 napinam
849 1391 984 1455 colecta
1010 1391 1144 1476 excepit.
1190 1391 1271 1458 Haec
1295 1395 1348 1459 illo

252 1495 395 1580 quamvis
409 1492 506 1577 duplo
525 1491 590 1555 fere
609 1491 721 1576 major,
737 1512 775 1555 ac
797 1513 910 1554 novem
930 1491 1027 1555 tomis
1048 1492 1170 1556 infolio
1184 1493 1346 1574 distincta,

250 1598 337 1661 haud
360 1595 480 1660 diutius
503 1616 561 1658 nos
586 1593 772 1658 morabitur.
817 1593 943 1657 Titulus
968 1593 1052 1658 enim
1076 1595 1271 1680 singulorum
1295 1621 1348 1662 vo

250 1698 413 1776 luminum,
439 1695 581 1780 exceptis
610 1696 722 1780 quinto
750 1717 905 1780 nonoque,
931 1702 1084 1761 contenta
1112 1697 1191 1762 satis
1216 1699 1346 1764 indicat.

251 1800 355 1866 Primi
368 1799 459 1864 Tomi
478 1799 592 1864 titulus
610 1804 678 1863 est:

252 2017 428 2091 Veterum
446 2017 666 2114 Scriptorum
683 2028 720 2089 et
739 2019 1056 2091 Monumentorum
1075 2020 1346 2105 Historioorum,

325 2132 627 2226 Dogmaticorum,
670 2133 873 2218 Moralium,
911 2136 1126 2228 amplissima
1163 2135 1347 2209 Collectio.

325 2247 457 2318 Tomus
478 2248 508 2319 Ι.
530 2249 769 2341 complectens
795 2250 935 2345 Regum
962 2259 999 2322 et
1023 2251 1237 2345 Principum,
1263 2253 1349 2323 alio-

325 2388 473 2456 rumque
487 2363 657 2437 Virorum
675 2365 873 2436 Illustrium
891 2366 1067 2459 Epistolas
1087 2376 1125 2437 et
1142 2368 1349 2460 Diplomata

324 2480 415 2550 bene
434 2480 558 2551 multa.
611 2480 747 2551 Prodiit
769 2504 863 2553 nunc
880 2483 1034 2574 primum
1052 2483 1170 2554 studio
1187 2493 1224 2554 et
1242 2507 1348 2578 opera

325 2595 459 2667 Domni
488 2597 667 2668 Edmundi
694 2596 871 2679 Martem,
898 2605 936 2667 et
962 2598 1098 2669 Domni
1124 2599 1245 2670 Ursini
1271 2599 1349 2672 Du-

324 2714 421 2795 rand,
443 2712 732 2806 Presbyteromm
760 2722 798 2797 et
816 2712 1076 2784 Monachorum
1100 2715 1350 2787 Benedictino-

324 2851 403 2897 rum
438 2851 458 2899 e
492 2827 775 2922 Congregatione
810 2829 847 2900 S.
873 2829 1005 2901 Mauri.
1057 2831 1208 2914 Parisiis,
1236 2831 1347 2925 Apud

327 2943 542 3028 Moutalant,
560 2946 605 3016 ad
629 2946 759 3038 Ripam
777 2945 849 3015 ΡΡ.
867 2945 1219 3040 Augustinianorum‚
1237 2972 1347 3042 prope

324 3059 477 3129 Pontem
504 3060 540 3130 S.
559 3060 757 3132 Michaelis.
784 3082 992 3133 Mncuxxlv.
1036 3062 1128 3134 (lum
1155 3063 1347 3158 Privilegio

325 3175 432 3268 Regis
449 3184 487 3245 et
505 3174 732 3268 Superiorum
750 3176 938 3248 Permissu.

677 3428 842 3491 TOMUS
867 3428 916 3490 II.

292 3603 332 3667 In
360 3625 423 3688 quo
452 3601 655 3666 continentur
679 3600 802 3666 Vetera
832 3602 1043 3665 Monumenta
1072 3601 1250 3686 Imperialis
1276 3605 1347 3667 Mo-

247 3703 591 3770 monasterolensis.
638 3703 787 3766 Wmmm
816 3702 957 3768 Abbatis
987 3702 1184 3768 Stabulensis
1212 3709 1246 3768 et
1270 3705 1348 3770 (ior-

248 3807 383 3872 beiensis
403 3806 437 3869 in
460 3805 600 3870 Saxonia
624 3805 788 3889 Epistolae.
810 3805 1022 3868 niaximum
1043 3805 1140 3868 Pura
1155 3804 1219 3868 III.
1236 3805 1347 3892 Regis-

247 3916 334 3974 trum
349 3907 555 3994 epistolarum
569 3929 629 3992 pro
643 3907 791 3970 Remensi
807 3907 983 3971 Provincia.
1018 3906 1172 3992 Epistolae
1186 3908 1348 3973 variorum

248 4013 290 4076 ad
314 4013 464 4076 Seuerum
487 4009 720 4086 Hrnunoanunn
743 4030 815 4073 eum
839 4010 998 4093 responsis
1026 4010 1069 4074 ad
1094 4010 1231 4074 easdem.
1272 4011 1348 4074 Fur-

248 4136 348 4176 nmucr
365 4113 410 4177 II.
430 4113 639 4197 Imperatoris
661 4111 802 4196 epistolar
826 4112 920 4176 variae
944 4134 1015 4176 cum
1040 4111 1226 4176 Summariis
1252 4113 1347 4196 privi-

248 4217 399 4301 legiorum
425 4215 563 4279 ecclesiae
584 4215 737 4278 Romanae
763 4220 796 4277 et
819 4214 1007 4298 quibusdam
1032 4215 1167 4279 aliorum
1194 4213 1345 4298 epistolis,

247 4339 331 4382 anno
346 4339 512 4379 uncoxxrv.
529 4317 560 4378 in
576 4317 677 4379 lucem
692 4316 823 4380 emissus
838 4324 897 4380 est.
