2790 4958
136 307 202 371 aaa
343 306 433 370 araas
447 305 637 391 sarpam
659 304 797 368 voca
809 303 902 369 noca
919 301 1065 368 coiaco.

139 478 289 556 Opuscula
310 479 404 559 prisca
422 479 482 538 dno
503 478 540 538 de
561 477 689 559 Spiritus
703 477 803 537 Sancti
821 477 1034 556 processiones
1048 476 1138 535 Patre

180 577 326 655 Filioque.

140 675 246 733 Pannr
261 675 398 733 Dracoar
415 673 545 732 Homilia
559 672 595 733 de
609 672 640 731 S.
654 671 824 731 Benedicto.

141 771 394 830 Pnna1D1Acou1
409 770 574 829 Casinensis
589 769 731 848 Epistolae
745 768 820 828 duae.

140 867 295 926 Tractatus
313 870 450 946 antiquus
470 866 507 926 de
525 865 758 925 remuneratione
772 874 838 944 post
852 864 965 924 obitum
979 884 1037 923 non
1052 864 1136 924 diffe·
1247 869 1250 877 '

179 964 278 1024 reuda.

140 1063 286 1122 Hnnarcr
303 1062 468 1121 Parmensis
481 1059 621 1140 Episcopi
638 1059 769 1118 Homilia
783 1057 820 1117 de
834 1059 985 1119 Paschate.
1182 1075 1237 1132 271

141 1161 277 1218 Cnaunu
292 1158 482 1218 Taurinensis
495 1156 635 1236 Episcopi
656 1154 799 1234 Prologus
817 1156 848 1213 in
870 1176 937 1215 snos
952 1159 1137 1217 Commenta·
1176 1190 1179 1200 ·

180 1257 238 1315 rios
252 1255 289 1314 ad
303 1254 389 1313 Pauli
403 1252 541 1333 Apostoli
554 1251 713 1332 Epistolas.
1182 1272 1241 1330 274

140 1353 323 1412 Eusnsnnn
337 1351 476 1409 Monachi
491 1350 645 1407 Tractatus
659 1358 759 1408 contra
773 1348 1006 1428 Monophysitas,
1022 1350 1074 1409 Gr.
1183 1368 1240 1428 277

140 1451 160 1508 J
162 1468 327 1509 amuranus
340 1449 365 1506 I.
382 1446 569 1526 imperatoris
580 1447 735 1505 Tractatus
745 1457 845 1505 contra
857 1446 1090 1525 Monophysitas,
1104 1448 1157 1506 Gr.
1183 1468 1240 1526 292

141 1547 171 1606 S.
183 1547 316 1605 Nam
331 1544 471 1624 Episcopi
485 1542 683 1620 Aquileiensis
697 1543 734 1603 de
748 1544 860 1603 ratione
874 1542 969 1602 Fidei.
1179 1565 1242 1622 314

140 1644 280 1735 Ejusdem
294 1642 330 1701 de
345 1641 472 1721 Spiritus
486 1640 585 1699 Sancti
599 1641 730 1719 potentia
744 1661 795 1700 seu
809 1661 940 1720 persona.
1180 1663 1241 1721 319

140 1740 280 1819 Ejusdem
294 1738 331 1797 de
352 1737 472 1797 diversis
492 1737 735 1817 appellationibus
750 1739 788 1798 D.
799 1738 839 1797 N.
855 1739 875 1796 J
877 1759 928 1800 esu
940 1739 1057 1799 Christo
1070 1761 1137 1799 con-

180 1837 374 1896 venientibus.
1178 1858 1238 1915 330

141 1935 280 2014 Ejusdem
295 1932 474 2012 Explanatio
488 1930 619 2012 Symboli
634 1930 671 1989 ad
684 1941 890 2010 competentes.
1179 1956 1196 2012 3
1200 1956 1238 2012 32

141 2032 279 2111 Ejusdem
294 2030 470 2108 Fragmenta
483 2029 603 2106 aliquot.
1180 2053 1196 2109 3
1200 2053 1241 2111 39

617 2206 699 2270 Pars
714 2205 758 2268 ΙΙ.

142 2346 341 2403 H1arsonru1
355 2345 484 2402 Danuui
496 2342 606 2402 Veneti
617 2363 691 2421 opns
702 2342 886 2403 luculentum
897 2345 933 2405 de
948 2347 1136 2407 Processione

183 2442 311 2521 Spiritus
326 2440 427 2500 Sancti
440 2449 541 2499 contra
554 2440 689 2499 Groecnm
704 2439 844 2500 Schisma.
1221 2465 1238 2521 3

141 2541 302 2598 Camunni
327 2540 474 2598 Mnarnu
504 2538 642 2597 Praefatio
665 2538 703 2597 ad
728 2558 813 2597 suum
835 2538 979 2599 ineditum
1004 2561 1078 2620 opus
1102 2540 1140 2602 tle

182 2637 432 2716 inscriptionibus.
1184 2642 1238 2718 163

603 2748 685 2812 Pars
700 2748 765 2813 III.

146 2884 290 2963 Tripaciti
314 2887 494 2964 Conspectus
520 2886 681 2945 Universus
710 2908 776 2947 cum
800 2887 995 2948 Basilicarum
1019 2889 1137 2971 supple.

181 2981 296 3041 mentis.
1164 3007 1217 3062 1-3
1222 3008 1238 3064 3

546 3128 711 3192 TOMUS
735 3128 835 3192 VIII.

236 3253 346 3318 Romae
361 3252 459 3339 'lypis
473 3250 641 3318 Vaticanis
655 3276 864 3319 uncocxxxur.
879 3254 981 3320 lucem
996 3255 1151 3343 adspexit.

624 3407 707 3474 Pars
723 3411 753 3474 Ι.

141 3527 277 3587 Easnsn
293 3527 462 3586 Pannnrnr
477 3526 688 3587 Chroniaorum
702 3529 782 3588 Libri
797 3530 866 3590 duo.
1140 3538 1241 3609 1-406

616 3705 699 3771 Pars
715 3708 764 3772 II.

141 3827 171 3886 S.
187 3827 346 3885 Ganoonrr
360 3825 506 3884 Nrssnur
526 3824 629 3885 Sermo
650 3826 787 3888 adversus
801 3828 909 3888 Arium
928 3840 1016 3910 atque
1036 3831 1137 3892 Sabel-

179 3923 261 3982 lium.
984 3922 988 3928 ’
1225 3952 1238 3992 1

138 4052 302 4068 --
317 4020 419 4078 Sermo
433 4019 469 4079 de
488 4020 601 4100 Spiritu
623 4022 731 4081 Sancto
753 4023 889 4084 adversus
910 4027 1140 4090 Macedonianos

181 4117 470 4177 Pneumatomaclros.
1204 4152 1241 4191 10

140 4217 326 4275 Srnvnsuar
342 4214 437 4274 Parra
452 4216 478 4276 1.
494 4216 702 4296 Fragmentum
722 4220 861 4299 incogniti
877 4223 982 4302 Operis
1001 4223 1138 4286 adversus

180 4312 307 4371 Judaeos.
1202 4327 1241 4383 26
