2790 4958
255 308 319 375 160
545 309 838 375 Balatziiathloari
851 309 1060 376 Maniam.

255 546 326 606 Vita
345 546 422 606 beati
443 546 561 607 Geraldi
581 546 803 625 Archiepisoopi
824 547 1017 614 Bracarensis,
1032 546 1163 607 Auctore
1185 548 1250 626 ejus
1296 484 1355 547 Pag.

294 643 437 722 discipulo
452 645 632 702 Bannanno
646 642 859 701 Archidiaoono
873 643 1052 702 Bracarensi.

254 738 327 797 Vita
347 738 482 796 Mauritii
504 737 629 795 Burdini
650 736 871 817 Archiepiscopi
897 738 1090 810 Bracarensis,
1110 740 1252 819 scriptore

295 834 441 912 Stephano
455 833 577 892 Bolazio
591 833 753 892 Tutelensi.
1297 856 1352 914 137

255 930 403 989 Hneonrs
424 929 461 988 de
482 929 602 988 Cleeriis
621 931 853 1003 Commentarius
873 929 910 990 de
927 930 1085 1007 Majoratu,
1106 941 1138 989 ct
1159 931 1252 991 Sene-

293 1026 396 1085 scalcia
410 1025 548 1083 Francia.
1296 1030 1351 1103 148

253 1122 322 1180 Vita
344 1123 381 1180 B.
404 1121 547 1201 Stephani
567 1120 691 1179 Abbatis
712 1120 903 1180 Obazinensis
923 1122 954 1180 in
975 1123 1092 1182 dioecesi
1111 1124 1251 1183 Lemovi-

292 1217 380 1276 censi.
488 1270 491 1274 1
1295 1238 1351 1296 149

253 1312 407 1372 Tractatus
421 1312 457 1372 de
470 1312 656 1371 conversione
671 1312 771 1371 Pontii
785 1312 821 1371 de
835 1312 968 1380 Laterio,
980 1323 1011 1372 et
1021 1313 1133 1372 exordii
1148 1313 1250 1372 Salva-

291 1409 400 1468 niensis
413 1408 585 1467 Monasterii
604 1428 671 1466 vera
686 1409 822 1478 narratio,
836 1420 955 1469 auctore
971 1410 1111 1468 Hueomn
1127 1409 1248 1468 Franci-

290 1524 364 1582 gena
378 1505 526 1563 Monacho
540 1503 670 1581 ejusdem
684 1505 866 1563 Monasterii.
1293 1524 1350 1582 179

252 1602 355 1660 Brevis
373 1601 495 1660 historia
508 1601 704 1659 Liberationis
718 1600 856 1661 Messinm
876 1621 894 1659 a
915 1601 1139 1661 Sarracenorum
1157 1602 1249 1661 domi-

291 1697 372 1756 natu.
1288 1700 1350 1774 184

251 1795 369 1853 Notitia
382 1794 419 1853 de
434 1793 630 1851 Modolantia.
1292 1797 1349 1873 189

250 1893 414 1950 Chronicon
424 1891 511 1949 breve
521 1891 693 1948 Monasterii
704 1891 913 1969 canigonensis
924 1891 953 1949 in
964 1891 1079 1951 dioecesi
1092 1891 1261 1952 Helenenai.
1291 1912 1349 1970 190

250 1989 389 2048 Narratio
406 1987 442 2047 de
459 1987 586 2066 Hugone
608 1987 644 2046 de
659 1987 782 2046 Bruccia
795 1986 912 2047 Abbate
934 1988 965 2048 S.
980 1988 1127 2048 Martialis
1140 1989 1247 2048 Lemo-

290 2085 423 2145 vicensis.
1275 2087 1347 2146 ibid.

251 2181 385 2261 Epistola
400 2181 549 2239 Historica
564 2180 600 2238 de
614 2181 754 2249 Victoriis
769 2179 859 2258 Regis
873 2180 996 2239 Davidis
1010 2182 1040 2239 in
1055 2181 1187 2241 Oriente.
1291 2203 1344 2260 191

250 2277 329 2336 Acta
342 2278 493 2336 electionis
507 2276 633 2334 Conradi
647 2276 704 2335 lv.
727 2277 817 2354 Regis
832 2277 1039 2335 Romanorum.
1290 2300 1346 2358 192

249 2376 426 2433 Masnnnnr
456 2375 547 2434 Siculi
569 2375 711 2453 Epistulae
739 2374 804 2432 duae
832 2374 868 2433 de
893 2374 993 2433 Morte
1028 2375 1177 2436 Frederici
1199 2377 1243 2436 ll.

289 2472 366 2550 Imp.
381 2472 418 2531 ad
432 2472 596 2530 Conradum
612 2470 669 2529 IV.
687 2471 796 2548 Regem
812 2471 1021 2529 Romanorum.
1289 2493 1345 2551 193

249 2570 396 2629 0011111111
411 2569 610 2627 Romanorum
624 2579 654 2625 et
670 2566 776 2626 Sicilire
791 2568 881 2645 Regis
895 2566 1036 2647 Epistolae
1050 2579 1186 2645 quatuor.
1276 2571 1348 2630 ibid.

251 2664 316 2724 Vita
330 2665 496 2724 Innocentii
507 2664 594 2744 Papae
605 2664 662 2722 IV.
672 2675 789 2723 auctore
804 2666 894 2723 fratre
906 2665 938 2721 N
942 2683 1052 2722 roonao
1064 2684 1105 2722 nn
1119 2666 1245 2730 ,01111110

189 2763 191 2766 ⁴
289 2761 655 2840 EpiscopoAsisinatensi.
1290 2783 1348 2840 194

249 2857 322 2918 Vita
335 2858 463 2935 ejusdem
484 2878 575 2937 papae,
590 2868 707 2916 auctore
722 2857 900 2916 Bassiano
918 2858 1080 2916 Gumoars
1096 2856 1243 2938 Episcopo

289 2955 465 3013 Ludovensi.
1289 2959 1347 3016 206

249 3048 398 3128 Excerpta
412 3069 447 3107 ex
460 3059 573 3127 regesto
587 3051 655 3106 anni
669 3051 745 3107 sexti
759 3047 945 3127 pontificatus
954 3048 1089 3125 ‚ejusdem
1106 3049 1201 3128 Papae.
1271 3052 1343 3112 ibid.

248 3145 296 3204 De
310 3147 523 3204 constructione
538 3146 634 3204 Castri
649 3146 769 3224 Saphet.
1288 3150 1346 3208 228

248 3240 429 3322 Excerptum
444 3262 480 3300 ex
495 3242 639 3300 Chronico
654 3242 685 3300 S.
700 3242 824 3300 Martini
838 3241 1064 3300 Lemovicensis.
1288 3263 1342 3322 231

248 3337 372 3396 Sannas
396 3339 599 3397 Manasnrnm
620 3359 716 3396 rerum
740 3336 903 3396 Sicularum
926 3337 1006 3395 Libri
1028 3337 1085 3396 VI.
1109 3339 1145 3396 ab
1166 3359 1243 3398 anno

289 3434 398 3494 Christi
412 3454 505 3494 neor..
520 3455 611 3512 usque
626 3435 662 3494 ad
676 3456 783 3495 annum
798 3453 972 3493 nccnxxvr.
1275 3439 1345 3498 ibid.

248 3532 415 3590 chronicon
430 3531 696 3610 Kemperlegiense.
1287 3537 1343 3610 265

247 3629 325 3688 Acta
339 3628 520 3688 Visitationis
534 3628 752 3686 Provinciarum
768 3626 992 3705 Burdegalensis
1006 3639 1036 3686 et
1051 3629 1244 3690 Bituricensis

286 3748 303 3785 a
318 3726 437 3785 Simone
449 3724 670 3803 Archiepiscopi
685 3724 862 3783 Bituricensi
883 3725 919 3783 ab
939 3725 1022 3782 annis
1037 3726 1147 3784 Christi
1166 3729 1243 3801 1284

287 3843 379 3900 usque
393 3822 429 3880 ad
443 3841 551 3879 annum
569 3839 654 3896 1191.
1287 3827 1344 3902 267

247 3921 338 3980 Gesta
352 3918 514 3978 Baldewini
528 3918 565 3977 de
578 3919 788 3977 Luozenburch
803 3919 989 3978 Treverensis
1002 3918 1233 4000 Archiepisoopi.
1285 3943 1344 3998 3¹0

246 4019 408 4077 Jonaanrs
429 4015 520 4094 Regis
541 4016 689 4073 Bohemiae
709 4014 843 4094 Epistola
861 4015 898 4074 de
912 4016 1013 4075 Morte
1028 4018 1151 4077 Henrici
1165 4019 1241 4079 Vll.

258 4166 261 4171 .
287 4115 364 4192 Imp.
379 4113 468 4192 patris
482 4113 537 4171 sui.
775 4174 777 4178 Α
1284 4118 1344 4191 316

247 4209 411 4269 Chronicon
427 4209 657 4287 Savigniacense.
1283 4215 1344 4288 316

247 4307 319 4366 Vita
333 4305 461 4382 Eugenii
476 4305 563 4383 Papa
578 4305 635 4364 IV.
678 4305 793 4384 Scripta
806 4307 842 4364 ab
858 4314 974 4378 auctore
987 4314 1125 4366 coetaneo.
1282 4328 1343 4388 319
