2790 4958
429 306 579 371 nouat
600 305 803 391 mansam.

70 560 254 618 Lunovrcus
275 559 333 617 IX.
359 560 537 619 Francorum
562 561 637 629 Rex,
658 561 766 621 arbiter
788 560 899 620 electus
924 562 961 634 ab
984 561 1069 619 Hen-

111 656 172 714 rico
203 656 262 715 111.
298 655 463 735 Anglorum
496 659 578 736 Rege
612 670 643 718 et
677 659 868 737 Magnetibus
903 658 1068 723 rebellibus.

111 752 248 811 Laudum
262 753 436 832 promulgat.
1110 756 1169 829 642

70 850 179 909 Petrus
199 848 277 908 filius
297 849 400 908 Jacobi
414 854 581 930 Aragonum
600 852 690 930 Regis
704 852 883 912 Constantia
903 852 989 911 uxori
1010 872 1070 911 suae

111 947 210 1006 dotem
225 948 386 1006 constituit.
1110 950 1172 1024 644

71 1045 102 1102 S.
117 1045 302 1102 Luoovrcus
317 1044 478 1103 Ecclesiam
493 1045 524 1104 S.
539 1047 678 1106 Mauricii
693 1047 927 1127 sylvanectensis
941 1046 1058 1105 fundat.
1111 1046 1172 1118 646

70 1141 231 1199 Codicillus
246 1142 410 1200 Βοετιοκι
425 1161 468 1199 on
484 1143 584 1201 Pouro
598 1161 690 1202 nnnc.
1111 1144 1169 1217 647

70 1239 232 1296 cinnam
261 1238 348 1297 Pera
376 1238 433 1298 IV.
462 1239 594 1298 decernit
623 1241 784 1299 Henricum
812 1240 873 1300 111.
905 1240 1069 1320 Anglorum

112 1335 235 1413 Regem,
255 1346 286 1395 et
307 1334 400 1393 filium
423 1336 487 1413 ejus
508 1336 717 1395 Eadmundum
738 1337 834 1416 Regni
859 1337 966 1396 Siciliae
988 1358 1071 1397 veros

111 1452 261 1510 nunquam
274 1432 366 1491 fuisse
379 1453 567 1511 possessores.
1111 1436 1170 1509 648

71 1529 154 1588 Idem
168 1550 221 1588 suo
235 1540 265 1589 et
279 1530 458 1609 Apostolicae
473 1531 558 1591 Sedis
576 1532 694 1591 nomine
708 1552 830 1610 regnum
845 1531 952 1591 Sicilire
967 1531 1072 1590 Carolo

111 1625 284 1704 Andagavioe
298 1637 328 1686 et
343 1627 505 1686 Provincia
519 1628 617 1687 comiti
633 1629 756 1688 confert.
1112 1627 1172 1702 650

71 1723 157 1782 Idem
181 1723 332 1783 confirmat
364 1725 516 1804 privilegia
547 1745 564 1783 a
596 1724 854 1804 praedecessoribus
885 1726 945 1784 suis
971 1725 1072 1783 Ludo-

111 1820 177 1878 vico
191 1820 250 1878 IX.
265 1819 444 1879 Francorum
459 1821 535 1900 Regi
549 1841 692 1880 concessa.
1111 1821 1172 1896 659

69 1917 213 1996 Ejusdem
238 1917 373 1996 Epistola
400 1918 437 1977 ad
460 1920 586 1978 Abbates
615 1919 645 1977 S.
664 1919 799 1998 Dionysii
827 1919 859 1976 in
881 1919 1012 1985 Francia,
1041 1928 1071 1976 et

113 2013 145 2072 S.
162 2014 300 2073 Germani
314 2037 332 2074 a
346 2016 451 2075 Pratis.
1102 2014 1171 2073 ibid.

70 2114 214 2193 Ejusdem
229 2112 266 2170 ad
279 2112 422 2172 Jacobum
436 2113 608 2192 Aragonum
624 2112 714 2191 Regis
729 2112 830 2172 filium.
1102 2111 1172 2171 ibid.

72 2211 252 2269 Bnnrurcrs
267 2209 387 2287 Reginae
402 2211 509 2269 Siciliae
523 2221 739 2270 testamentum.
1112 2211 1172 2269 660

72 2307 295 2368 Matrimonium
312 2308 418 2366 initum
432 2329 485 2388 per
500 2310 706 2368 Procuratores
726 2309 803 2367 inter
818 2308 1008 2367 Eernandum
1022 2308 1073 2368 Al.

112 2404 189 2462 fonsi
217 2403 351 2463 Castelloe
380 2405 469 2483 Regis
497 2406 589 2464 filium
617 2417 648 2465 et
674 2405 834 2465 Blancham
861 2404 950 2464 filiam
970 2404 1071 2462 Ludo-

111 2503 169 2560 vici
182 2502 238 2560 IX.
253 2504 428 2561 Francorum
444 2503 544 2582 Regis.
1113 2502 1171 2559 662

72 2599 265 2676 Privilegium
290 2599 321 2656 S.
340 2599 460 2658 Juliano
483 2602 650 2660 Brivatensi
674 2622 691 2659 a
712 2599 816 2658 Carolo
841 2599 933 2658 Calvo
957 2619 1072 2657 conces-

112 2717 187 2763 sum,
203 2707 234 2755 et
253 2717 270 2754 a
291 2698 456 2756 Lunovrco
472 2698 547 2756 VII.
570 2700 781 2764 confirmatum,
796 2697 946 2756 confirmat
967 2697 1073 2754 Luno.

113 2811 206 2853 vrcue
222 2794 279 2852 IX.
380 2842 383 2846 Δ
1111 2793 1171 2869 663

71 2892 137 2949 Lex
153 2893 182 2948 S.
194 2891 352 2949 Lnnovrcr
367 2890 404 2950 de
420 2891 523 2951 Talliis
537 2892 705 2952 assidendis.
1100 2890 1171 2948 ibid.

71 2987 212 3066 Ejusdem
237 2987 372 3066 Epistola
398 2987 436 3046 ad
460 2989 635 3048 Matthoeum
657 2989 804 3048 Abbatem
830 2989 860 3047 S.
880 2985 1015 3066 Dionysii
1039 2987 1070 3044 in

113 3084 237 3142 Francia
250 3095 280 3143 et
294 3084 442 3142 Simonem
457 3084 494 3143 de
508 3085 635 3164 Nigells.
1100 3083 1171 3142 ibid.

69 3180 213 3260 Ejusdem
227 3179 363 3259 Epistola
375 3180 412 3238 ad
425 3182 600 3240 Matthoeum
615 3183 770 3241 Abbatem.
1112 3183 1173 3255 664

70 3278 179 3336 Parnr
194 3295 236 3334 nn
252 3279 405 3336 Consano
418 3277 554 3357 Epistola
567 3279 604 3337 ad
620 3279 750 3338 Priorem
765 3277 942 3355 Argentolii.
1100 3278 1170 3338 ibid.

71 3375 225 3433 Purnrrrr
253 3374 313 3432 111.
344 3374 522 3433 Francorum
551 3376 642 3453 Regis
670 3374 806 3455 Epistola
832 3374 869 3432 ad
896 3374 1071 3433 Matthaeunr

111 3468 257 3529 Abbstem
271 3491 305 3529 ac
320 3471 470 3529 Simonem
486 3471 523 3530 de
538 3471 666 3550 Nigella.
752 3464 754 3468 ¹
1112 3472 1173 3530 666

70 3567 210 3646 Ejusdem
225 3566 361 3646 Epistola
375 3566 412 3625 ad
426 3568 523 3646 Regni
538 3568 714 3647 Optimates.
1099 3568 1171 3630 ibid.

70 3663 210 3742 Ejusdem
226 3662 361 3742 Epistola
381 3662 418 3721 ad
439 3664 615 3723 Matthoeum
635 3664 782 3725 Abbatem
806 3686 839 3725 ac
862 3666 1011 3726 Simonem
1034 3666 1070 3725 de

112 3759 242 3838 Nigella.
1101 3762 1171 3822 ibid.

69 3855 206 3935 Epistola
228 3856 334 3914 Pnrnr
357 3875 399 3914 nn
425 3856 579 3916 Counnro
606 3858 643 3917 ad
666 3859 890 3918 Thesaurarium
917 3859 948 3916 S.
968 3858 1070 3917 Fram·

110 3953 209 4012 boudi.
1111 3957 1169 4032 667

68 4053 227 4111 Pnrurrer
242 4050 304 4109 111.
321 4050 457 4128 Epistola
470 4051 507 4110 ad
520 4053 694 4111 Matthoeum
710 4051 866 4122 Abbatem,
880 4073 914 4111 ac
928 4052 1079 4112 Simonem

59 4188 62 4193 -
111 4147 148 4206 de
163 4147 293 4225 Nigella.
957 4220 959 4225 Ι
1100 4148 1170 4206 ibid.

68 4242 207 4323 Epistola
220 4244 325 4302 Parnr
341 4263 383 4302 un
399 4246 553 4304 Couunro
567 4246 604 4304 ad
619 4246 795 4305 Mattheum
810 4245 966 4306 Abbctem.
1099 4244 1170 4305 ibid.

70 4339 211 4418 Ejusdem
225 4339 361 4418 Epistola
372 4340 410 4399 ad
425 4341 557 4401 Priorem
572 4341 748 4420 Argentolii.
1112 4342 1171 4400 668

592 4456 647 4512 1³4
