2790 4958
226 309 290 374 168
518 308 648 372 Boluzii
661 316 689 371 ct
702 307 812 370 Morari
826 306 1034 370 Miscellaneam

1268 477 1329 539 Pag.

227 563 365 641 Ejusdem
375 562 485 621 Urbani
501 564 588 641 Papae
598 563 734 642 Epistola
743 561 780 620 ad
792 563 950 640 Hugonem
962 560 1226 639 Archiepisoopum

265 658 501 736 Lugdunensem.
1271 659 1328 715 180

226 757 365 834 Ejusdem
379 754 467 813 Bulla
480 776 534 835 pro
549 756 680 815 Fulcone
695 756 843 836 Episcopo
858 756 1038 816 Belvaoensi.
1254 753 1327 813 ibid.

226 853 364 933 Ejusdem
380 851 469 910 Bulla
482 873 535 930 pro
550 850 667 912 Abbate
682 853 806 930 Majoris
821 853 995 912 Monasterii
1011 850 1199 912 Turonensis
1270 851 1324 908 181

225 950 364 1029 Ejusdem
379 947 514 1027 Epistola
526 948 564 1006 ad
579 949 771 1008 Guillelmum
786 949 931 1007 Comitem
947 948 1134 1008 Tolosanum.
1254 946 1326 1006 ibid.

224 1046 363 1126 Ejusdem
377 1046 512 1124 Epistola
525 1046 561 1104 ad
577 1045 769 1104 Guillelmum
783 1047 961 1124 Episcopum
975 1044 1199 1103 Cadurcensem.
1254 1043 1326 1102 ibid.

224 1142 359 1221 Epistola
384 1143 554 1201 Martialium
582 1141 708 1200 Blasiliae
731 1144 761 1200 in
783 1142 924 1201 Arvernis
944 1142 982 1200 ad
1006 1142 1157 1200 Urbanum
1181 1142 1224 1199 II.

266 1241 385 1318 Papam.
1252 1236 1324 1296 ibid.

224 1336 359 1416 Epistola
384 1336 525 1395 Adbotum
547 1337 787 1396 Lernoviceasium
811 1337 848 1395 ad
870 1335 1047 1394 Richardum
1068 1333 1224 1414 Archiepi.

264 1454 383 1512 scopum
411 1433 623 1492 Bituricensem
651 1433 688 1492 de
715 1433 859 1492 electione
890 1430 1054 1490 Humboldi
1082 1431 1223 1511 Episcopi

264 1527 490 1586 Lemovicensis.
1269 1528 1324 1586 182

225 1625 300 1683 Duae
315 1624 411 1683 Bulla
432 1625 589 1704 suppositae
607 1624 726 1684 Urbano
741 1626 829 1704 Papae
845 1625 887 1682 11.
901 1624 937 1682 ab
953 1623 1137 1683 Hunnonno
1150 1623 1224 1703 Epi-

264 1743 351 1800 scopo
365 1721 574 1780 Lemovicensi.
1253 1721 1325 1780 ibid.

225 1819 343 1876 Statuta
359 1819 474 1876 Ponrn
489 1817 614 1877 Abbatis
629 1817 836 1878 Cluuiacensis.
1268 1819 1323 1894 183

225 1916 257 1973 H
260 1934 373 1974 necrus
388 1914 580 1974 Floriacensis
595 1915 750 1974 Tractatus
763 1915 800 1974 de
812 1915 905 1994 Regia
918 1924 1072 1994 potestate,
1084 1925 1114 1972 et
1123 1916 1224 1973 Sacer-

265 2012 356 2071 dotali
370 2011 521 2088 dignitate.
1269 2013 1327 2085 184

226 2111 358 2169 Gnaonr
377 2110 531 2188 Praepositi
546 2108 833 2187 Reicherspergensis
846 2109 937 2168 Liber
956 2109 993 2168 de
1014 2119 1150 2188 corrupto
1165 2107 1224 2168 Ec·

265 2207 359 2265 clesiae
373 2217 461 2264 statu.
1268 2220 1324 2283 197

226 2304 391 2361 Gaornror
415 2301 634 2361 Clarevallensis
656 2300 792 2380 Epistola
810 2302 847 2360 ad
866 2301 1003 2361 Eskilum
1018 2300 1223 2382 Archiepisoo-

265 2420 335 2476 pum
352 2399 545 2457 Lundensem.
1266 2417 1302 2473 23
1307 2419 1324 2477 5

226 2495 307 2554 ΑΒΕ
321 2496 446 2554 Abbatis
457 2495 602 2555 Persenioe
611 2494 754 2574 Epistolae
768 2494 897 2571 quinque
911 2494 949 2552 ad
959 2494 1145 2555 Osmundum
1155 2497 1223 2554 Mo-

266 2594 390 2653 nachum
405 2592 608 2652 Mortuimaris
621 2592 652 2649 in
665 2591 857 2650 Normannia.
1267 2611 1281 2650 2
1285 2594 1326 2668 36

225 2690 315 2750 Liber
329 2689 536 2769 poenitentialis
550 2688 685 2765 Magistri
701 2688 850 2746 Ronanus
865 2689 1005 2747 Canonici
1020 2689 1051 2747 S.
1066 2689 1205 2748 Victoris.
1266 2708 1322 2763 241

226 2788 458 2846 constitutiones
478 2786 652 2844 Monasterii
673 2785 817 2845 Jotreusis
841 2787 927 2846 editae
950 2807 1026 2846 anno
1048 2805 1223 2847 arocxxm

267 2885 405 2943 Romano
419 2882 582 2942 cardinale.
1253 2883 1326 2953 ibid,

227 2981 417 3042 Praefationes
432 2981 619 3038 Bausmcnr
634 2979 774 3058 Episcopi
788 2979 979 3039 Massiliensis
992 2979 1023 3037 in
1037 2981 1223 3039 Commenta-

267 3080 344 3138 rium
357 3099 442 3136 suum
457 3078 493 3137 de
507 3088 605 3136 sancta
620 3078 765 3136 Trinitate
779 3089 809 3137 et
825 3076 898 3137 Fide
913 3076 1072 3137 catholica.
1266 3098 1324 3153 242

227 3178 381 3238 Sententia
394 3175 452 3235 lata
467 3176 497 3233 in
513 3175 632 3254 Synodo
646 3195 733 3252 super
748 3174 887 3234 Decimis.
1265 3195 1324 3252 243

229 3278 410 3353 Excerptum
434 3293 471 3332 ex
495 3271 585 3330 Libro
607 3271 817 3331 Miraculorum
841 3283 1021 3346 patratomm
1041 3272 1072 3330 in
1096 3272 1221 3333 Dioecesi

268 3370 480 3450 Magalonensi.
1266 3390 1326 3447 244

227 3467 400 3530 Observatio
413 3467 445 3524 in
458 3465 620 3544 superiores
635 3464 824 3524 Praefationes
838 3465 968 3542 ejusdem
984 3466 1137 3526 Benedicti
1148 3468 1221 3547 Epi·

268 3564 347 3643 scopi
361 3560 559 3620 Massiliensis.
1253 3564 1325 3623 ibid.

228 3666 348 3724 Statuta
362 3660 474 3718 Ivonrs
489 3658 531 3714 Il.
553 3655 679 3715 Abbatis
693 3656 902 3716 Cluniacensis.
1254 3663 1327 3722 ibid.

226 3762 348 3820 Litterae
372 3756 535 3814 Jonauurs
560 3752 667 3811 XXII.
694 3753 800 3824 Parra,
826 3754 932 3832 quibus
961 3756 1058 3815 Fratri
1082 3756 1221 3816 Michaeli

267 3852 415 3914 Monacho
429 3849 550 3909 Ordinis
563 3849 713 3908 Minorum
734 3851 890 3909 committit
907 3871 1021 3911 cansam
1042 3854 1223 3930 quorundam

268 3953 406 4010 Fratrum
420 3947 582 4015 Minorum,
596 3967 655 4004 non
667 3947 742 4005 bene
756 3947 792 4005 de
808 3947 882 4006 Fide
897 3948 1096 4008 sentientium.
1266 3971 1323 4029 247

226 4046 411 4127 Inquisitoris
425 4043 569 4102 sententia
582 4053 682 4101 contra
696 4043 862 4102 combustos
875 4044 906 4101 in
920 4044 1061 4104 Massilia.
1267 4051 1325 4123 248

226 4146 305 4206 Acta
331 4139 533 4220 Inquisitionis
563 4159 581 4196 a
608 4139 742 4198 Jobanne
770 4139 878 4199 XXII.
908 4141 1050 4201 institutae
1085 4143 1222 4203 adversus

268 4244 390 4301 Petrum
405 4239 441 4297 de
457 4236 569 4296 Palude
582 4236 692 4295 ordinis
707 4236 933 4296 Praedicatorum
949 4257 1016 4296 cum
1030 4240 1224 4319 responsioni-

266 4340 321 4400 bus
334 4335 475 4414 ejusdem.
1267 4354 1321 4415 251
