2790 4958
254 289 318 360 176
546 289 841 356 BcbaaiiaMcaai
854 289 1063 356 Mammam.

254 549 325 609 Alia
348 551 474 630 quadan
498 548 650 609 Huaours
676 548 810 628 Epistola
834 548 871 608 ad
893 550 1027 610 eumdem
1050 549 1255 627 Archiepisoo-
1296 469 1355 533 pag·

294 667 376 726 pum,
391 667 449 724 qua
462 666 530 706 eum
543 647 650 706 invitat
663 646 700 705 ad
715 645 879 706 Concilium
893 645 1089 707 Arvernense.
1318 663 1357 722 54

254 742 323 802 Alia
337 745 462 823 eJ‘usdem
476 743 513 802 ad
527 744 662 813 eundem,
677 763 735 820 qua
753 762 821 801 eum
839 743 945 803 invitat
958 743 995 803 ad
1010 743 1174 804 Concilium
1188 743 1255 802 Au-

293 839 519 918 gustodunense.
1282 839 1354 898 ibid.

253 936 331 995 Acta
340 935 509 994 Concordiae
523 936 599 994 inter
609 935 740 994 Abbates
751 935 991 1014 Angeliaceusem
1006 946 1036 996 et
1048 938 1252 996 Carrosensem

294 1033 331 1092 de
346 1032 478 1091 Ecclesia
491 1032 528 1091 de
542 1032 676 1100 Varezia‚
692 1032 722 1090 in
738 1032 870 1091 Concilio
885 1032 1103 1112 Burdegalensi.
1283 1033 1354 1091 ibid.

254 1130 376 1189 Litterae
405 1128 555 1186 Hnaours
584 1128 805 1208 Archiepiscopi
829 1129 1035 1208 Lugdunensis
1056 1129 1093 1189 de
1120 1130 1253 1190 Ecclesia

296 1226 411 1285 Sanctae
425 1225 508 1284 Fidis
522 1225 558 1284 de
570 1225 728 1284 castelleto
742 1225 809 1284 data
824 1226 1006 1285 Monasterio
1021 1227 1192 1286 Concbensi.
1283 1227 1354 1287 ibid.

253 1324 375 1382 Litterae
397 1322 561 1381 (lavamur
584 1323 707 1381 Comitis
729 1322 917 1381 Mauritaniae
939 1323 976 1383 de
998 1323 1131 1382 Ecclesia
1152 1323 1183 1382 S.
1196 1323 1251 1380 Di.

294 1419 389 1498 anysii
403 1418 601 1497 Nogenteusis
615 1418 646 1475 iu
661 1418 786 1477 Pertico.
1281 1421 1354 1480 ibid.

253 1517 375 1575 Littera
396 1518 544 1574 Garanum
565 1514 689 1573 Comitis
715 1515 906 1575 Rosnacensis
928 1516 965 1576 de
985 1517 1117 1577 Ecclesia
1138 1517 1253 1577 Sancta

294 1615 469 1691 Margaretae
484 1611 552 1670 data
565 1611 740 1670 monasterio
755 1612 950 1672 Cluniacensi.
1316 1632 1351 1691 55

253 1710 375 1771 Littera
390 1710 648 1790 Suffroguneoram
662 1707 803 1767 Ecclesia
816 1709 1023 1788 Lugdunensis
1037 1710 1073 1768 ad
1090 1710 1252 1790 Episcopus

293 1816 324 1866 et
338 1805 469 1866 Abbates
491 1806 677 1864 Turonenses
697 1824 751 1883 pro
772 1807 920 1865 monachis
939 1807 1061 1884 Majoris
1084 1808 1252 1867 monasterii

294 1903 482 1962 Turonensis.
1314 1907 1354 1982 56

253 2002 376 2060 Litterae
395 2000 545 2058 Hnaoms
566 1998 784 2079 Archiepiscopi
805 1998 1012 2077 Lugdunensis
1033 1999 1069 2058 ad
1093 2001 1252 2079 Hugonem

294 2097 553 2176 Archiepiscopum
582 2097 772 2155 Bisuntinum
799 2117 853 2176 pro
880 2097 1034 2156 Monachis
1068 2097 1099 2156 S.
1125 2097 1251 2177 Benigui

293 2193 488 2252 Divionensis.
1282 2196 1352 2256 ibid.

252 2290 374 2349 Littera
403 2290 528 2369 quadem
557 2289 705 2348 Huaours
732 2289 953 2368 Archiepiscopi
981 2289 1187 2368 Lugdunensis
1214 2290 1251 2349 ad

293 2386 482 2446 Lambertum
504 2385 682 2465 Episcopum
697 2386 946 2453 Attrebateusem‚
960 2386 1067 2464 quibus
1086 2407 1152 2446 eum
1174 2388 1249 2445 invi-

293 2493 337 2543 tat
351 2483 387 2543 ad
402 2483 566 2543 Concilium
579 2483 857 2562 Augustodunense.
1281 2486 1352 2545 ibid.

252 2579 330 2638 Acta
341 2579 510 2638 Concordiae
524 2578 605 2637 initae
622 2579 653 2636 in
668 2579 800 2638 Concilio
814 2578 1039 2636 Claromontano
1052 2578 1130 2638 inter
1145 2579 1251 2657 Hugo·

292 2697 360 2736 nem
384 2675 530 2736 Abbatem
551 2676 771 2736 cluniacensem
794 2686 824 2735 et
847 2675 987 2734 Pontium
1009 2675 1155 2736 Abbatem
1170 2679 1250 2735 Casae

293 2773 361 2831 Dei.
1283 2771 1352 2832 ibid.

253 2871 389 2951 Epistola
416 2870 565 2928 Huaoms
590 2868 810 2948 Archiepiscopi
834 2868 1041 2947 Lugdunensis
1065 2870 1102 2928 ad
1129 2870 1250 2928 Ivonem

292 2968 472 3047 Episcopum
487 2965 704 3024 Carnotensem.
1313 2982 1349 3043 57

251 3066 392 3146 Ejusdem
407 3062 542 3142 Epistola
555 3062 591 3121 ad
605 3061 865 3142 Archiepiscopum
887 3064 1084 3124 Senonensem
1103 3085 1156 3143 pro
1178 3064 1247 3122 Mo-

292 3161 418 3222 nasterio
433 3161 464 3219 S.
476 3160 558 3218 Petri
573 3160 640 3217 vivi.
1313 3162 1351 3238 58

252 3259 387 3339 Epistola
401 3257 553 3315 Ennannr
569 3256 692 3316 Abbatis
707 3257 738 3316 S.
751 3258 832 3316 Petri
853 3259 911 3315 vivi
932 3259 969 3317 ad
988 3257 1249 3338 Archiepiscopum

292 3357 500 3414 Senonensem.
1281 3354 1351 3413 ibid.

250 3455 372 3513 Litterae
388 3451 523 3508 Pmoun
538 3450 677 3529 Episcopi
693 3449 841 3510 Tullensis
855 3451 892 3509 de
906 3451 978 3510 cella
992 3449 1161 3509 Asmantiae.
1279 3452 1350 3510 ibid.

251 3551 374 3610 Soenra
389 3548 543 3607 Comitissa
556 3547 593 3605 de
608 3546 707 3605 eadem
723 3546 802 3605 cella.
1310 3564 1350 3624 59

250 3649 372 3707 Litterae
400 3645 549 3703 Huaonrs
577 3641 797 3722 Archiepiscopi
819 3644 1025 3723 Lugdunensis
1052 3646 1088 3705 de
1116 3645 1249 3705 Ecclesia

291 3741 393 3802 Sancti
408 3740 554 3799 Desiderii
568 3741 598 3797 in
613 3739 720 3797 Brizia.
1279 3741 1349 3800 ibid.

251 3841 359 3899 Charta
373 3837 409 3897 de
424 3836 628 3896 Controversia
643 3846 673 3895 et
694 3835 730 3894 de
745 3835 840 3906 Bello,
855 3837 934 3914 quod
947 3838 1005 3896 fuit
1021 3839 1099 3896 inter
1118 3838 1270 3897 Monaste-

290 3937 366 3994 rium
384 3933 484 3993 Sancti
498 3931 601 3991 Albini
615 3931 834 4011 Andegavensis
849 3945 879 3992 et
894 3935 1056 3993 Giraudum
1071 3934 1108 3994 de
1123 3935 1248 3993 Blanco-

289 4033 377 4091 furno
391 4050 444 4108 pro
457 4038 535 4088 terra
549 4029 662 4088 Croiaci
676 4049 766 4108 prope
781 4029 977 4108 Peregrinam.
1278 4031 1346 4092 ibid.

249 4129 384 4210 Epistola
398 4127 573 4184 Boamuranr
596 4126 741 4204 Principis
755 4125 931 4196 Antiochiae,
947 4128 1127 4186 Rauranum
1149 4129 1247 4187 Comi-

289 4228 328 4285 tis
342 4224 441 4284 Sancti
456 4223 575 4302 AEgidii,
592 4225 776 4281 Gonnrnrnr
797 4224 890 4282 Ducis
910 4225 1116 4304 Lotharingiae,
1132 4226 1169 4285 ad
1188 4226 1247 4284 Ur.

288 4325 395 4394 barrum
410 4321 453 4380 11.
470 4321 587 4396 Papam.
1309 4324 1343 4380 60
