2790 4958
245 292 309 354 150
566 290 808 356 arcessam
821 289 1018 375 asponon.

590 473 746 539 nonus
769 473 1007 540 sueonous

290 597 406 662 Varias
424 597 562 683 Regulas
576 620 614 663 ao
630 599 771 679 Statuta,
787 599 963 665 monastiea
978 605 1012 663 et
1026 596 1186 677 canonica,
1202 597 1344 662 omnium

244 700 310 764 fere
331 699 548 785 religiosorum
563 701 726 782 Ordinum,
743 702 797 788 qui
815 703 848 765 in
863 701 1007 767 Ecclesia
1024 699 1144 766 Obristi
1156 699 1342 778 floruerrmt,

244 810 278 868 et
293 803 467 867 etiamnum
481 803 605 882 florent,
620 826 719 888 usque
733 804 776 868 ad
796 792 953 868 Saeculum
967 802 1051 867 XII.
1066 801 1224 882 inclusive,
1241 801 1343 866 Addi-

244 903 395 969 tamentis
410 905 513 967 XXI.
530 905 765 991 comprehensa,
781 903 921 969 exhibet.

341 1068 513 1153 Gatalogus
527 1090 583 1132 seu
598 1066 756 1132 Elenohus
770 1068 1074 1133 Additamentorum
1089 1069 1181 1132 Tomi
1197 1067 1244 1133 II.

245 1197 277 1256 S.
288 1198 426 1256 Joaums
441 1199 600 1264 Cassium,
615 1196 740 1256 Abbatis
754 1197 955 1267 Massiliensis,
971 1197 1085 1276 Regula
1105 1199 1166 1257 sive
1187 1198 1238 1256 In-

284 1296 451 1353 stitutioucs
465 1293 639 1363 monastica,
653 1293 751 1353 Libris
762 1293 819 1352 IV.
833 1295 1055 1373 comprehensae.
1087 1293 1160 1354 Saec.
1171 1297 1208 1352 V.
1238 1295 1311 1374 Pag.
1326 1316 1337 1355 1

244 1392 465 1458 S.Pacuon111,
483 1389 608 1449 Abbatis
623 1389 831 1460 Tabenuensis,
851 1388 975 1468 Regula,
995 1391 1113 1449 omnino
1127 1391 1239 1451 diversa

283 1490 319 1548 ab
341 1487 432 1546 altera
454 1488 486 1545 iu
509 1487 615 1546 Codice
638 1486 817 1564 Regularum
838 1486 938 1558 relata,
953 1488 1043 1548 Notis
1063 1500 1093 1548 ct
1116 1489 1240 1548 Scholiis

283 1583 387 1643 Alardi
402 1585 500 1642 Gazaei
514 1583 668 1642 illustrata.
711 1581 786 1643 Sacc.
801 1583 858 1642 IV.
1300 1587 1340 1662 38

243 1682 325 1740 Ordo
346 1681 522 1740 monasticus
544 1679 623 1758 opud
646 1679 749 1737 Scotos
768 1680 930 1738 Monachos
942 1680 972 1738 iu
987 1683 1079 1740 veteri
1091 1681 1238 1740 hodierna

284 1778 388 1837 Scotiae
410 1775 592 1836 Monasterio
614 1775 650 1833 de
673 1774 794 1843 Kil·ros,
809 1775 898 1854 vulgo
913 1776 1026 1846 Culros,
1049 1778 1117 1836 olim
1140 1779 1239 1837 obser.

282 1887 377 1934 vatus.
421 1875 494 1932 Saec.
510 1872 550 1931 V.
1300 1877 1338 1934 62

241 1974 324 2033 Ordo
338 1972 455 2051 quidam
471 1969 655 2029 Monastieus
670 1970 702 2029 S.
716 1969 907 2029 BuNunroro
921 1970 1089 2030 attributus.
1121 1972 1192 2029 Soec.
1204 1969 1264 2029 IX.
1300 1973 1341 2031 66

323 2070 462 2148 Ejusdem
476 2066 610 2146 Epistola
624 2067 661 2126 ad
677 2067 843 2145 Remigium
859 2068 1038 2127 Rhemorum
1053 2068 1221 2127 antistitem.
1301 2086 1340 2143 70

322 2166 461 2245 Ejusdem
473 2165 575 2223 Sermo
588 2163 619 2222 in
633 2174 726 2222 morte
742 2164 773 2222 S.
787 2163 908 2222 Placidi.
1268 2167 1339 2226 ibid.

322 2264 462 2344 Ejusdem
477 2263 588 2328 Sermo,
603 2261 720 2320 babitus
734 2263 765 2319 in
784 2261 910 2320 discessu
932 2262 963 2320 S.
978 2263 1077 2321 Mauri
1091 2273 1122 2321 et
1137 2262 1236 2322 Socio-

362 2381 437 2419 rum.
1267 2361 1339 2419 ibid.

241 2458 355 2536 Regula
369 2455 534 2514 Monastica
546 2455 673 2532 antiqua.
716 2455 788 2513 Saec.
804 2455 862 2512 IX.
1301 2475 1336 2533 71

241 2555 395 2614 Tractatus
417 2554 489 2612 varii
507 2553 545 2610 ad
563 2553 723 2610 Historiam
739 2551 935 2611 Monasticam
955 2552 1143 2630 pertinentes,
1158 2574 1175 2612 a
1189 2551 1235 2611 cl.

281 2650 455 2710 Mobillouio
470 2648 593 2716 collecti,
608 2648 761 2707 videlicet:

325 2768 350 2805 1.
373 2747 455 2806 Ordo
470 2746 565 2805 Officii
585 2746 616 2802 in
637 2744 734 2803 Domo
753 2745 785 2804 S.
802 2744 955 2803 Benedicti
973 2745 1030 2818 (Le
1044 2746 1153 2819 Dome)
1168 2755 1236 2804 ante

403 2843 522 2901 Pascha.
566 2842 638 2900 Saec.
654 2839 711 2900 IX.
1299 2844 1337 2918 78

323 2959 349 2998 2.
371 2941 511 3017 Antiqua
530 2936 764 2997 consuetudines
784 2936 1029 2996 Mouasteriorum
1044 2937 1117 2996 Ord.
1133 2937 1165 2996 S.
1176 2937 1235 2996 Be.

401 3035 518 3094 nedictI.
1299 3036 1337 3092 80

322 3150 351 3206 3.
367 3131 447 3190 Ordo
457 3131 611 3210 Regularis
621 3130 698 3207 apud
710 3151 767 3197 eos,
777 3131 827 3208 qui
838 3131 868 3187 in
879 3130 959 3189 Arce
972 3130 1111 3208 Regulari
1125 3130 1245 3208 pollent.
1267 3131 1338 3190 ibid.

320 3247 348 3302 4.
372 3227 519 3305 Scriptum
535 3229 564 3286 F
563 3236 673 3285 rotrone
685 3227 720 3285 de
734 3228 834 3286 Monte
847 3227 968 3286 Cos-sino
978 3227 1014 3285 ad
1030 3226 1148 3286 Fratres
1158 3227 1235 3304 ejus-

400 3327 468 3386 dem
487 3325 616 3393 Ordinis,
640 3324 749 3382 scilicet
773 3323 804 3381 S.
822 3323 985 3390 Benedicti,
999 3325 1030 3380 in
1052 3323 1235 3382 Alemaniam

400 3434 430 3483 et
449 3423 600 3482 Franciam
616 3423 669 3480 &c.
691 3421 728 3480 de
751 3420 868 3480 Ritibus
890 3421 1089 3480 Casiueusium
1111 3430 1142 3479 et
1165 3419 1234 3478 Clu-

400 3519 586 3578 niacensium.

319 3633 347 3692 5.
370 3616 513 3694 Prologus
526 3615 556 3672 in
570 3615 691 3673 Librum
703 3614 956 3672 Consuetudinum
969 3612 1233 3690 Hirsaugieusium,

400 3711 532 3771 Auctore
546 3711 734 3769 Wrnnumuo
748 3709 873 3769 Abbate.

319 3809 348 3867 6.
370 3807 516 3867 Formulae
530 3807 588 3866 IV.
605 3805 769 3866 Oblatiouis
784 3805 955 3864 Puerorum.

320 3924 347 3981 7.
368 3904 490 3963 Littera
504 3905 541 3962 V.
556 3902 593 3961 ad
606 3903 763 3961 ineundam
778 3901 988 3980 suffragiorum
1003 3901 1190 3961 Societatem.

237 4000 351 4080 Regula
366 4001 397 4059 S.
414 4000 644 4060 ennonomnffl
660 3998 799 4077 Episcopi
815 3999 966 4057 Metensis.
1009 3999 1081 4058 Saec.
1096 3998 1186 4056 VIII.
1292 4016 1330 4075 93

237 4096 352 4176 Regula
373 4094 579 4156 Canonicorum
595 4094 795 4174 Regaloriom,
810 4094 847 4153 ab
861 4095 1008 4174 Anonymo
1024 4095 1161 4175 quopIam
1183 4096 1234 4153 In·

277 4193 462 4271 terpolatore‚
477 4211 513 4250 ex
529 4191 733 4270 chrodogangi
751 4211 861 4256 norma,
877 4191 1001 4250 Concilii
1015 4192 1234 4271 Aquisgranen·

277 4290 316 4348 sis
329 4286 475 4367 capitulis,
490 4300 577 4366 atque
592 4287 708 4346 aliunde
722 4287 926 4347 consarcinata.
970 4288 1043 4349 Sacc.
1058 4287 1116 4346 IX.
1279 4308 1336 4369 109
