2790 4958
445 312 574 378 Balaaii
587 321 614 376 et
627 313 739 377 Mauri
752 313 961 380 Mbeellaaca.

271 576 431 642 Elenchus
445 598 554 642 eorum
569 599 639 664 quae
654 579 686 642 in
703 579 808 643 Paruo
824 579 915 644 'l'ouo
930 580 1141 647 continentur.

152 741 344 800 Praemonitio
356 740 387 798 J.
399 741 439 798 D.
454 741 562 800 Mausi.
1140 742 1211 823 Pag.
1228 763 1253 803 1.

150 838 248 895 Lucn
263 837 396 896 Omcrnn
412 837 572 896 Pramum
587 838 766 897 Lacuna-ru
783 838 872 898 Liber
887 839 923 898 de
934 840 1150 910 Persecutione,

194 935 256 993 sive
270 933 307 992 de
320 933 463 992 mortibus
476 944 704 1012 persecutorum.
1182 938 1253 998 ibid.

152 1030 295 1109 Ejusdem
308 1030 488 1088 Lucrinum
503 1031 698 1108 fragmentum
713 1032 750 1090 de
763 1043 895 1092 extremo
906 1033 1027 1110 judicio.
1216 1056 1251 1095 12

152 1128 256 1185 Passio
270 1126 302 1185 S.
318 1126 418 1185 Savini
433 1127 573 1206 Episcopi
587 1126 764 1187 Assisinatis.
1183 1133 1252 1193 ibid.

151 1223 307 1283 Passiones
322 1224 376 1282 SS.
393 1224 553 1294 Saturnini,
569 1224 685 1291 Felicis,
700 1226 809 1295 Dativi,
824 1236 855 1285 et
868 1227 1022 1285 sociorum.
1216 1250 1253 1305 ¹4

152 1321 256 1379 Passio
270 1320 301 1379 S.
316 1321 422 1380 Felicis
437 1321 576 1400 Episcopi
592 1321 816 1400 Tubyzacensis.
1215 1329 1251 1386 18

151 1418 245 1475 Gesta
258 1417 439 1496 purgationis
454 1417 560 1476 Felicis
574 1418 714 1496 Episcopi
727 1417 935 1496 Aptungitani.
1216 1444 1251 1500 19

151 1513 270 1583 Quibus
290 1513 444 1589 subjuncta
462 1524 506 1572 est
528 1512 650 1592 epistola
665 1513 885 1573 Cossuran-nur
905 1514 1093 1594 Imperatoris
1113 1517 1151 1575 ad

194 1609 371 1668 Probianum
387 1609 594 1669 Proconsulem
609 1610 730 1669 Africoe.
1213 1634 1247 1673 21

152 1706 246 1764 Gesta
258 1706 439 1784 purgationis
453 1705 599 1765 Caeciliani
613 1706 754 1786 Episcopi
768 1708 1014 1786 Carthaginensis.
1180 1691 1184 1702 Ι
1212 1729 1248 1768 22

152 1802 255 1860 Passio
270 1802 323 1861 SS.
340 1801 486 1881 Seraphim
501 1798 530 1861 et
546 1802 668 1861 Sabinae.
1212 1825 1246 1885 25

151 1898 254 1957 Passio
268 1898 298 1957 S.
313 1899 414 1957 Mariae
428 1897 567 1979 Martyris
581 1897 705 1957 Ancilla
720 1899 855 1959 Tertulli.
1211 1924 1247 1982 27

151 1995 254 2054 Passio
268 1995 300 2054 S.
312 1996 411 2055 Pontii
422 1996 572 2074 Martyris,
584 2006 702 2055 auctore
713 1996 865 2056 Vanunro
878 1999 942 2076 ejus
956 2002 1164 2061 contubernali.
1211 2023 1248 2082 29

151 2091 225 2150 Vita
240 2091 271 2150 S.
287 2091 411 2151 Eusebii
426 2093 592 2173 Presbyteri
607 2093 742 2152 Romani.
1208 2120 1225 2177 ,3
1229 2121 1245 2178 3

151 2190 295 2268 Stephani
311 2189 426 2248 Baluzii
441 2190 529 2248 Notoe
543 2189 580 2248 ad
592 2190 789 2257 Luctantium,
805 2201 835 2250 et
849 2190 912 2250 alia.
1177 2198 1246 2257 ibid.

150 2287 294 2364 Ejusdem
309 2288 399 2346 Notae
413 2287 448 2346 ad
463 2288 536 2345 Acta
550 2289 723 2367 Martyrum.
1090 2294 1127 2367 67
1143 2305 1172 2353 et
1187 2315 1247 2373 seq.

150 2383 346 2461 Chronologia
360 2382 569 2442 Diocletianea.
1208 2409 1245 2467 77

149 2481 307 2558 Cataloffrs
320 2480 469 2540 Abbatum
485 2480 655 2540 Monnsterii
671 2482 868 2543 Floriacensis.
1208 2504 1247 2564 79

150 2578 242 2637 Gesta
263 2577 374 2637 Domni
394 2577 507 2636 Aldrici
530 2577 670 2657 Episcopi
695 2580 919 2640 Cenomanensis
943 2601 959 2638 a
982 2580 1145 2659 Discipulia

190 2675 255 2751 ejus
269 2674 385 2753 scripta.
1177 2679 1244 2740 ibid.

149 2773 317 2831 Chronicon
331 2771 531 2832 brevissimum
546 2771 719 2831 Monasterii
734 2773 765 2832 S.
781 2773 860 2832 Gaili
873 2774 904 2832 in
920 2774 1065 2834 Helvetia.
1189 2796 1245 2836 120

149 2870 316 2929 chronicon
330 2869 488 2948 Augiensis
502 2870 685 2928 Monasterii.
1176 2873 1244 2934 ibid.

150 2967 316 3025 Chronicon
332 2966 525 3025 Floriaceuse.
1189 2989 1242 3030 121

149 3064 315 3123 chronicon
330 3064 533 3122 Cremonense.
1190 3087 1243 3126 122

149 3161 198 3219 De
211 3161 321 3238 Majori
335 3160 523 3228 Monasterio,
538 3170 569 3219 et
583 3161 747 3222 Abbatibus
761 3164 834 3240 ejus.
1189 3185 1222 3224 12
1227 3185 1244 3243 3

149 3257 232 3315 Nota
256 3255 401 3334 quomodo
425 3255 630 3317 cluniacenses
650 3269 866 3338 occupaverunt
889 3259 985 3318 locum
1011 3260 1043 3318 S.
1064 3262 1144 3320 Mar·

189 3353 277 3412 tialis.
1177 3357 1245 3417 ibid.

148 3451 309 3510 Ademarus
323 3450 495 3510 Vicecomes
509 3450 734 3518 Lemovicensis,
750 3461 780 3509 et
796 3450 966 3528 Humberga
987 3451 1050 3528 ejus
1071 3472 1145 3511 uxor

188 3546 298 3604 donant
326 3545 483 3605 Abbatiam
512 3545 543 3604 S.
572 3545 716 3603 Martialis
745 3544 866 3622 Hugoni
891 3544 1001 3603 Abbati
1024 3544 1144 3604 Clunia-

104 3660 107 3677 ’
189 3642 278 3701 censi.
1172 3641 1243 3699 ibid.

145 3739 287 3797 Narratio
300 3738 337 3797 de
351 3737 491 3797 electione
507 3738 631 3797 Abbatis
646 3737 845 3796 soricinensis.
1187 3756 1244 3812 124

145 3836 178 3893 N
178 3836 264 3894 otitia
277 3834 313 3893 de
328 3834 460 3894 Ecclesia
473 3835 510 3892 de
524 3835 656 3893 Viancio.
1173 3833 1243 3891 ibid.

145 3933 192 3991 De
206 3931 334 3991 adventu
350 3931 462 3990 Urbani
477 3930 520 3990 II.
534 3932 620 4009 Papae
634 3931 670 3989 ad
685 3930 897 3989 Monasterium
914 3931 1120 3991 cluniacense.
1188 3931 1245 3990 126

144 4029 296 4089 Huaonrs
306 4027 432 4088 Abbatis
443 4027 643 4087 cluniacensis
655 4027 801 4086 concessio
815 4027 1020 4088 beneficiorum
1036 4027 1145 4087 ordinis

185 4126 264 4184 facta
278 4125 403 4185 Alionso
419 4124 492 4204 Regi
507 4126 726 4204 Hispaniarum.
1172 4123 1244 4182 ibid.

143 4221 285 4280 Narratio
299 4222 336 4281 de
350 4222 482 4281 Concilio
496 4222 690 4282 Nemausensi
704 4223 758 4280 sub
772 4220 892 4278 Urbano
906 4220 949 4277 11.
1173 4219 1244 4279 ibid.

144 4321 312 4380 chronicon
328 4319 573 4399 wirciburgense.
1188 4333 1242 4392 127
