<?xml version="1.0" encoding="UTF-8"?>
<!DOCTYPE html PUBLIC "-//W3C//DTD XHTML 1.0 Transitional//EN"
    "http://www.w3.org/TR/xhtml1/DTD/xhtml1-transitional.dtd">
<html xmlns="http://www.w3.org/1999/xhtml" xml:lang="en" lang="en">
 <head>
  <title>
</title>
<meta http-equiv="Content-Type" content="text/html;charset=utf-8" />
  <meta name='ocr-system' content='tesseract 3.04.00' />
  <meta name='ocr-capabilities' content='ocr_page ocr_carea ocr_par ocr_line ocrx_word'/>
</head>
<body>
  <div class='ocr_page' id='page_1' title='image "./notitiascriptor00dowlgoog_0077.png"; bbox 0 0 2790 4958; ppageno 0'>
   <div class='ocr_carea' id='block_1_1' title="bbox 225 275 955 363">
    <p class='ocr_par' dir='ltr' id='par_1_1' title="bbox 225 275 955 363">
     <span class='ocr_line' id='line_1_1' title="bbox 225 275 955 363; baseline -0.014 -15"><span class='ocrx_word' id='word_1_1' title='bbox 225 286 269 348; x_wconf 78' lang='lat'>54</span> <span class='ocrx_word' id='word_1_2' title='bbox 583 277 732 344; x_wconf 70' lang='lat' dir='ltr'>Dardanii</span> <span class='ocrx_word' id='word_1_3' title='bbox 752 275 955 363; x_wconf 55' lang='lat' dir='ltr'>spiritam</span> 
     </span>
    </p>
   </div>
   <div class='ocr_carea' id='block_1_2' title="bbox 228 426 1328 4188">
    <p class='ocr_par' dir='ltr' id='par_1_2' title="bbox 228 426 1328 4188">
     <span class='ocr_line' id='line_1_2' title="bbox 1260 426 1320 490; baseline -0.017 -16"><span class='ocrx_word' id='word_1_4' title='bbox 1260 426 1320 490; x_wconf 73' lang='lat' dir='ltr'>rag.</span> 
     </span>
     <span class='ocr_line' id='line_1_3' title="bbox 228 509 1219 599; baseline -0.011 -19"><span class='ocrx_word' id='word_1_5' title='bbox 228 520 402 580; x_wconf 74' lang='lat' dir='ltr'>Ronunws</span> <span class='ocrx_word' id='word_1_6' title='bbox 430 518 610 599; x_wconf 81' lang='lat' dir='ltr'>Burgundiae</span> <span class='ocrx_word' id='word_1_7' title='bbox 633 518 709 586; x_wconf 86' lang='lat' dir='ltr'>Rex,</span> <span class='ocrx_word' id='word_1_8' title='bbox 738 537 802 595; x_wconf 83' lang='lat' dir='ltr'>quae</span> <span class='ocrx_word' id='word_1_9' title='bbox 825 515 1007 576; x_wconf 81' lang='lat' dir='ltr'>Monosterio</span> <span class='ocrx_word' id='word_1_10' title='bbox 1034 513 1067 573; x_wconf 99' lang='lat' dir='ltr'>S.</span> <span class='ocrx_word' id='word_1_11' title='bbox 1092 509 1219 569; x_wconf 72' lang='lat' dir='ltr'>Andron</span> 
     </span>
     <span class='ocr_line' id='line_1_4' title="bbox 268 609 1221 695; baseline -0.008 -18"><span class='ocrx_word' id='word_1_12' title='bbox 268 617 444 677; x_wconf 79' lang='lat' dir='ltr'>Viennensis</span> <span class='ocrx_word' id='word_1_13' title='bbox 466 636 482 676; x_wconf 86' lang='lat' dir='ltr'>a</span> <span class='ocrx_word' id='word_1_14' title='bbox 504 616 672 695; x_wconf 84' lang='lat' dir='ltr'>parentibus</span> <span class='ocrx_word' id='word_1_15' title='bbox 695 615 755 674; x_wconf 89' lang='lat' dir='ltr'>suis</span> <span class='ocrx_word' id='word_1_16' title='bbox 776 612 910 674; x_wconf 86' lang='lat' dir='ltr'>Conrado</span> <span class='ocrx_word' id='word_1_17' title='bbox 933 634 966 673; x_wconf 89' lang='lat' dir='ltr'>ac</span> <span class='ocrx_word' id='word_1_18' title='bbox 986 609 1132 671; x_wconf 85' lang='lat' dir='ltr'>Mathilde</span> <span class='ocrx_word' id='word_1_19' title='bbox 1153 609 1221 669; x_wconf 82' lang='lat' dir='ltr'>data</span> 
     </span>
     <span class='ocr_line' id='line_1_5' title="bbox 267 705 1323 783; baseline -0.009 -8"><span class='ocrx_word' id='word_1_20' title='bbox 267 714 563 783; x_wconf 75' lang='lat' dir='ltr'>fuerantconfirmat.</span> <span class='ocrx_word' id='word_1_21' title='bbox 1263 705 1323 781; x_wconf 89' lang='grc'>386</span> 
     </span>
     <span class='ocr_line' id='line_1_6' title="bbox 229 803 1219 890; baseline -0.009 -18"><span class='ocrx_word' id='word_1_22' title='bbox 229 814 402 872; x_wconf 79' lang='lat' dir='ltr'>Funnnnm</span> <span class='ocrx_word' id='word_1_23' title='bbox 428 810 566 890; x_wconf 80' lang='lat' dir='ltr'><strong>Episcopi</strong></span> <span class='ocrx_word' id='word_1_24' title='bbox 588 810 777 869; x_wconf 77' lang='lat' dir='ltr'>carnutensis</span> <span class='ocrx_word' id='word_1_25' title='bbox 797 807 933 888; x_wconf 82' lang='lat' dir='ltr'>Epistola</span> <span class='ocrx_word' id='word_1_26' title='bbox 954 805 991 866; x_wconf 92' lang='lat' dir='ltr'>de</span> <span class='ocrx_word' id='word_1_27' title='bbox 1012 805 1096 865; x_wconf 92' lang='lat' dir='ltr'>bonis</span> <span class='ocrx_word' id='word_1_28' title='bbox 1116 803 1219 863; x_wconf 89' lang='lat' dir='ltr'>Eccle-</span> 
     </span>
     <span class='ocr_line' id='line_1_7' title="bbox 269 901 1320 976; baseline -0.009 -8"><span class='ocrx_word' id='word_1_29' title='bbox 269 910 387 976; x_wconf 87' lang='lat' dir='ltr'>siarnm,</span> <span class='ocrx_word' id='word_1_30' title='bbox 402 930 435 968; x_wconf 89' lang='lat' dir='ltr'>ac</span> <span class='ocrx_word' id='word_1_31' title='bbox 448 909 534 967; x_wconf 85' lang='lat' dir='ltr'>rebus</span> <span class='ocrx_word' id='word_1_32' title='bbox 548 907 643 966; x_wconf 82' lang='lat' dir='ltr'>sacris.</span> <span class='ocrx_word' id='word_1_33' title='bbox 1262 901 1320 976; x_wconf 83' lang='lat'>387</span> 
     </span>
     <span class='ocr_line' id='line_1_8' title="bbox 229 1000 1221 1066; baseline -0.008 -1"><span class='ocrx_word' id='word_1_34' title='bbox 229 1007 293 1066; x_wconf 90' lang='lat' dir='ltr'>Dos</span> <span class='ocrx_word' id='word_1_35' title='bbox 316 1007 393 1065; x_wconf 82' lang='lat' dir='ltr'>iacta</span> <span class='ocrx_word' id='word_1_36' title='bbox 416 1005 447 1063; x_wconf 95' lang='lat' dir='ltr'>in</span> <span class='ocrx_word' id='word_1_37' title='bbox 471 1003 685 1063; x_wconf 86' lang='lat' dir='ltr'>consecratione</span> <span class='ocrx_word' id='word_1_38' title='bbox 708 1001 846 1062; x_wconf 78' lang='lat' dir='ltr'>Ecclesia</span> <span class='ocrx_word' id='word_1_39' title='bbox 871 1002 903 1062; x_wconf 89' lang='lat' dir='ltr'>S.</span> <span class='ocrx_word' id='word_1_40' title='bbox 919 1000 1044 1061; x_wconf 88' lang='lat' dir='ltr'>Martini</span> <span class='ocrx_word' id='word_1_41' title='bbox 1067 1001 1098 1058; x_wconf 93' lang='lat' dir='ltr'>in</span> <span class='ocrx_word' id='word_1_42' title='bbox 1122 1009 1221 1058; x_wconf 87' lang='lat' dir='ltr'>moute</span> 
     </span>
     <span class='ocr_line' id='line_1_9' title="bbox 269 1094 1322 1175; baseline -0.009 -13"><span class='ocrx_word' id='word_1_43' title='bbox 269 1102 422 1162; x_wconf 87' lang='lat' dir='ltr'>Andaone.</span> <span class='ocrx_word' id='word_1_44' title='bbox 1263 1094 1322 1175; x_wconf 89' lang='grc'>388</span> 
     </span>
     <span class='ocr_line' id='line_1_10' title="bbox 230 1193 1212 1276; baseline -0.007 -17"><span class='ocrx_word' id='word_1_45' title='bbox 230 1200 471 1259; x_wconf 77' lang='lat' dir='ltr'>Eamnuoannrs</span> <span class='ocrx_word' id='word_1_46' title='bbox 500 1197 613 1276; x_wconf 81' lang='lat' dir='ltr'>Regina</span> <span class='ocrx_word' id='word_1_47' title='bbox 637 1197 816 1276; x_wconf 72' lang='lat' dir='ltr'>Burgundio</span> <span class='ocrx_word' id='word_1_48' title='bbox 844 1195 1004 1255; x_wconf 80' lang='lat' dir='ltr'>Ecclesiam</span> <span class='ocrx_word' id='word_1_49' title='bbox 1034 1195 1066 1253; x_wconf 89' lang='lat' dir='ltr'>S.</span> <span class='ocrx_word' id='word_1_50' title='bbox 1089 1193 1212 1252; x_wconf 87' lang='lat' dir='ltr'>Joannis</span> 
     </span>
     <span class='ocr_line' id='line_1_11' title="bbox 270 1292 1324 1367; baseline -0.008 -11"><span class='ocrx_word' id='word_1_51' title='bbox 270 1298 359 1356; x_wconf 89' lang='lat' dir='ltr'>donat</span> <span class='ocrx_word' id='word_1_52' title='bbox 373 1295 555 1356; x_wconf 87' lang='lat' dir='ltr'>Monasterio</span> <span class='ocrx_word' id='word_1_53' title='bbox 570 1295 601 1354; x_wconf 93' lang='lat' dir='ltr'>S.</span> <span class='ocrx_word' id='word_1_54' title='bbox 613 1293 740 1354; x_wconf 82' lang='lat' dir='ltr'>Andreae</span> <span class='ocrx_word' id='word_1_55' title='bbox 755 1293 940 1367; x_wconf 68' lang='lat' dir='ltr'>Viennensis.</span> <span class='ocrx_word' id='word_1_56' title='bbox 1263 1292 1324 1367; x_wconf 79' lang='grc'>389</span> 
     </span>
     <span class='ocr_line' id='line_1_12' title="bbox 230 1388 1218 1470; baseline -0.007 -17"><span class='ocrx_word' id='word_1_57' title='bbox 230 1394 335 1453; x_wconf 84' lang='lat' dir='ltr'>Eidem</span> <span class='ocrx_word' id='word_1_58' title='bbox 350 1393 533 1452; x_wconf 82' lang='lat' dir='ltr'>Monosterio</span> <span class='ocrx_word' id='word_1_59' title='bbox 553 1391 589 1450; x_wconf 89' lang='lat' dir='ltr'>de</span> <span class='ocrx_word' id='word_1_60' title='bbox 603 1391 761 1470; x_wconf 83' lang='lat' dir='ltr'>Regalibus</span> <span class='ocrx_word' id='word_1_61' title='bbox 782 1392 871 1450; x_wconf 88' lang='lat' dir='ltr'>donat</span> <span class='ocrx_word' id='word_1_62' title='bbox 886 1391 1126 1449; x_wconf 81' lang='lat' dir='ltr'>Gurnnnunuue</span> <span class='ocrx_word' id='word_1_63' title='bbox 1141 1388 1218 1447; x_wconf 92' lang='lat' dir='ltr'>Bur-</span> 
     </span>
     <span class='ocr_line' id='line_1_13' title="bbox 269 1484 1323 1571; baseline -0.007 -21"><span class='ocrx_word' id='word_1_64' title='bbox 269 1492 386 1571; x_wconf 83' lang='lat' dir='ltr'>gundiae</span> <span class='ocrx_word' id='word_1_65' title='bbox 401 1492 480 1549; x_wconf 90' lang='lat' dir='ltr'>Dux.</span> <span class='ocrx_word' id='word_1_66' title='bbox 1252 1484 1323 1545; x_wconf 85' lang='lat' dir='ltr'>ibid.</span> 
     </span>
     <span class='ocr_line' id='line_1_14' title="bbox 229 1583 1222 1666; baseline -0.005 -18"><span class='ocrx_word' id='word_1_67' title='bbox 229 1591 466 1648; x_wconf 77' lang='lat' dir='ltr'>Luunnoamus</span> <span class='ocrx_word' id='word_1_68' title='bbox 486 1586 732 1666; x_wconf 89' lang='lat' dir='ltr'>Archiepiscopus</span> <span class='ocrx_word' id='word_1_69' title='bbox 746 1585 931 1656; x_wconf 87' lang='lat' dir='ltr'>Viennensis,</span> <span class='ocrx_word' id='word_1_70' title='bbox 947 1584 1102 1643; x_wconf 87' lang='lat' dir='ltr'>Monacbis</span> <span class='ocrx_word' id='word_1_71' title='bbox 1116 1584 1148 1644; x_wconf 92' lang='lat' dir='ltr'>S.</span> <span class='ocrx_word' id='word_1_72' title='bbox 1159 1583 1222 1643; x_wconf 84' lang='lat' dir='ltr'>An-</span> 
     </span>
     <span class='ocr_line' id='line_1_15' title="bbox 271 1681 1222 1762; baseline -0.009 -16"><span class='ocrx_word' id='word_1_73' title='bbox 271 1687 357 1754; x_wconf 88' lang='lat' dir='ltr'>dreae,</span> <span class='ocrx_word' id='word_1_74' title='bbox 372 1706 410 1744; x_wconf 89' lang='lat' dir='ltr'>ne</span> <span class='ocrx_word' id='word_1_75' title='bbox 433 1684 504 1762; x_wconf 93' lang='lat' dir='ltr'>quid</span> <span class='ocrx_word' id='word_1_76' title='bbox 529 1704 545 1743; x_wconf 94' lang='lat' dir='ltr'>e</span> <span class='ocrx_word' id='word_1_77' title='bbox 569 1685 655 1743; x_wconf 92' lang='lat' dir='ltr'>rebus</span> <span class='ocrx_word' id='word_1_78' title='bbox 672 1683 910 1742; x_wconf 87' lang='lat' dir='ltr'>Obedientiarum</span> <span class='ocrx_word' id='word_1_79' title='bbox 934 1682 989 1741; x_wconf 90' lang='lat' dir='ltr'>sibi</span> <span class='ocrx_word' id='word_1_80' title='bbox 1009 1681 1222 1740; x_wconf 88' lang='lat' dir='ltr'>commissarum</span> 
     </span>
     <span class='ocr_line' id='line_1_16' title="bbox 271 1775 1324 1864; baseline -0.009 -20"><span class='ocrx_word' id='word_1_81' title='bbox 271 1795 422 1864; x_wconf 85' lang='lat' dir='ltr'>usurpent,</span> <span class='ocrx_word' id='word_1_82' title='bbox 438 1782 578 1861; x_wconf 86' lang='lat' dir='ltr'>prohibit.</span> <span class='ocrx_word' id='word_1_83' title='bbox 1252 1775 1324 1836; x_wconf 88' lang='lat' dir='ltr'>ibid.</span> 
     </span>
     <span class='ocr_line' id='line_1_17' title="bbox 231 1875 1224 1956; baseline -0.009 -14"><span class='ocrx_word' id='word_1_84' title='bbox 231 1881 383 1942; x_wconf 87' lang='lat' dir='ltr'>Nonnulla</span> <span class='ocrx_word' id='word_1_85' title='bbox 399 1879 513 1938; x_wconf 86' lang='lat' dir='ltr'>ebonis</span> <span class='ocrx_word' id='word_1_86' title='bbox 531 1879 660 1956; x_wconf 89' lang='lat' dir='ltr'>ejusdem</span> <span class='ocrx_word' id='word_1_87' title='bbox 673 1878 845 1937; x_wconf 82' lang='lat' dir='ltr'>Monosterii</span> <span class='ocrx_word' id='word_1_88' title='bbox 859 1877 985 1956; x_wconf 87' lang='lat' dir='ltr'>Wegoni</span> <span class='ocrx_word' id='word_1_89' title='bbox 1006 1888 1036 1936; x_wconf 88' lang='lat' dir='ltr'>et</span> <span class='ocrx_word' id='word_1_90' title='bbox 1055 1875 1140 1935; x_wconf 87' lang='lat' dir='ltr'>uxori</span> <span class='ocrx_word' id='word_1_91' title='bbox 1161 1875 1224 1952; x_wconf 90' lang='lat' dir='ltr'>ejus</span> 
     </span>
     <span class='ocr_line' id='line_1_18' title="bbox 270 1974 1325 2048; baseline -0.009 -10"><span class='ocrx_word' id='word_1_92' title='bbox 270 1977 402 2038; x_wconf 85' lang='lat' dir='ltr'>beneficii</span> <span class='ocrx_word' id='word_1_93' title='bbox 417 1976 491 2044; x_wconf 90' lang='lat' dir='ltr'>loco,</span> <span class='ocrx_word' id='word_1_94' title='bbox 507 1976 538 2033; x_wconf 92' lang='lat' dir='ltr'>in</span> <span class='ocrx_word' id='word_1_95' title='bbox 553 1977 708 2035; x_wconf 84' lang='lat' dir='ltr'>Conventu</span> <span class='ocrx_word' id='word_1_96' title='bbox 724 1975 881 2034; x_wconf 89' lang='lat' dir='ltr'>Prooemm</span> <span class='ocrx_word' id='word_1_97' title='bbox 895 1974 1103 2035; x_wconf 89' lang='lat' dir='ltr'>conceduntur.</span> <span class='ocrx_word' id='word_1_98' title='bbox 1265 1989 1325 2048; x_wconf 84' lang='lat'>390</span> 
     </span>
     <span class='ocr_line' id='line_1_19' title="bbox 232 2069 1221 2150; baseline -0.008 -15"><span class='ocrx_word' id='word_1_99' title='bbox 232 2077 399 2135; x_wconf 74' lang='lat' dir='ltr'>chuanm</span> <span class='ocrx_word' id='word_1_100' title='bbox 427 2071 663 2131; x_wconf 87' lang='lat' dir='ltr'>Normaunorum</span> <span class='ocrx_word' id='word_1_101' title='bbox 693 2073 785 2131; x_wconf 88' lang='lat' dir='ltr'>Ducis</span> <span class='ocrx_word' id='word_1_102' title='bbox 812 2070 931 2131; x_wconf 89' lang='lat' dir='ltr'>donatio</span> <span class='ocrx_word' id='word_1_103' title='bbox 958 2081 1077 2150; x_wconf 88' lang='lat' dir='ltr'>propter</span> <span class='ocrx_word' id='word_1_104' title='bbox 1104 2069 1221 2148; x_wconf 87' lang='lat' dir='ltr'>nuptias</span> 
     </span>
     <span class='ocr_line' id='line_1_20' title="bbox 272 2164 1324 2230; baseline -0.008 0"><span class='ocrx_word' id='word_1_105' title='bbox 272 2171 376 2230; x_wconf 88' lang='lat' dir='ltr'>Adelae</span> <span class='ocrx_word' id='word_1_106' title='bbox 396 2171 481 2228; x_wconf 84' lang='lat' dir='ltr'>facta.</span> <span class='ocrx_word' id='word_1_107' title='bbox 1254 2164 1324 2223; x_wconf 85' lang='lat' dir='ltr'>ibid</span> 
     </span>
     <span class='ocr_line' id='line_1_21' title="bbox 232 2263 1224 2328; baseline -0.007 0"><span class='ocrx_word' id='word_1_108' title='bbox 232 2269 423 2328; x_wconf 57' lang='lat' dir='ltr'>&amp;acaunus</span> <span class='ocrx_word' id='word_1_109' title='bbox 446 2266 551 2326; x_wconf 84' lang='lat' dir='ltr'>Comes</span> <span class='ocrx_word' id='word_1_110' title='bbox 573 2265 713 2325; x_wconf 88' lang='lat' dir='ltr'>nonnulla</span> <span class='ocrx_word' id='word_1_111' title='bbox 735 2264 824 2324; x_wconf 88' lang='lat' dir='ltr'>donat</span> <span class='ocrx_word' id='word_1_112' title='bbox 849 2265 1030 2324; x_wconf 88' lang='lat' dir='ltr'>Monasterio</span> <span class='ocrx_word' id='word_1_113' title='bbox 1052 2264 1083 2325; x_wconf 86' lang='lat' dir='ltr'>S.</span> <span class='ocrx_word' id='word_1_114' title='bbox 1097 2263 1224 2322; x_wconf 74' lang='lat' dir='ltr'>Andmae</span> 
     </span>
     <span class='ocr_line' id='line_1_22' title="bbox 273 2365 1322 2436; baseline -0.005 -13"><span class='ocrx_word' id='word_1_115' title='bbox 273 2365 459 2424; x_wconf 87' lang='lat' dir='ltr'>Viennensis.</span> <span class='ocrx_word' id='word_1_116' title='bbox 1265 2378 1322 2436; x_wconf 85' lang='lat'>391</span> 
     </span>
     <span class='ocr_line' id='line_1_23' title="bbox 233 2457 1224 2538; baseline -0.007 -16"><span class='ocrx_word' id='word_1_117' title='bbox 233 2463 303 2522; x_wconf 90' lang='lat' dir='ltr'>Ono</span> <span class='ocrx_word' id='word_1_118' title='bbox 323 2462 427 2520; x_wconf 86' lang='lat' dir='ltr'>Comes</span> <span class='ocrx_word' id='word_1_119' title='bbox 449 2460 600 2520; x_wconf 85' lang='lat' dir='ltr'>Palatinus</span> <span class='ocrx_word' id='word_1_120' title='bbox 626 2461 803 2519; x_wconf 85' lang='lat' dir='ltr'>Francorum</span> <span class='ocrx_word' id='word_1_121' title='bbox 830 2459 928 2538; x_wconf 78' lang='lat' dir='ltr'>Regis,</span> <span class='ocrx_word' id='word_1_122' title='bbox 952 2459 1038 2536; x_wconf 84' lang='lat' dir='ltr'>vulgo</span> <span class='ocrx_word' id='word_1_123' title='bbox 1060 2457 1224 2537; x_wconf 81' lang='lat' dir='ltr'>Campaniae</span> 
     </span>
     <span class='ocr_line' id='line_1_24' title="bbox 274 2555 1224 2635; baseline -0.004 -19"><span class='ocrx_word' id='word_1_124' title='bbox 274 2559 387 2626; x_wconf 87' lang='lat' dir='ltr'>Comes,</span> <span class='ocrx_word' id='word_1_125' title='bbox 423 2557 582 2617; x_wconf 89' lang='lat' dir='ltr'>Ecclesiam</span> <span class='ocrx_word' id='word_1_126' title='bbox 612 2557 644 2615; x_wconf 90' lang='lat' dir='ltr'>S.</span> <span class='ocrx_word' id='word_1_127' title='bbox 668 2557 792 2616; x_wconf 86' lang='lat' dir='ltr'>Martini</span> <span class='ocrx_word' id='word_1_128' title='bbox 821 2556 1025 2635; x_wconf 84' lang='lat' dir='ltr'>Sparnucensis</span> <span class='ocrx_word' id='word_1_129' title='bbox 1052 2555 1166 2621; x_wconf 83' lang='lat' dir='ltr'>fundat,</span> <span class='ocrx_word' id='word_1_130' title='bbox 1194 2555 1224 2612; x_wconf 90' lang='lat' dir='ltr'>in</span> 
     </span>
     <span class='ocr_line' id='line_1_25' title="bbox 274 2652 1327 2714; baseline -0.004 -2"><span class='ocrx_word' id='word_1_131' title='bbox 274 2656 401 2714; x_wconf 89' lang='lat' dir='ltr'>Dioecesi</span> <span class='ocrx_word' id='word_1_132' title='bbox 415 2655 562 2714; x_wconf 86' lang='lat' dir='ltr'>Remensi.</span> <span class='ocrx_word' id='word_1_133' title='bbox 1255 2652 1327 2710; x_wconf 90' lang='lat' dir='ltr'>ibid.</span> 
     </span>
     <span class='ocr_line' id='line_1_26' title="bbox 235 2750 1325 2824; baseline -0.006 -14"><span class='ocrx_word' id='word_1_134' title='bbox 235 2753 455 2811; x_wconf 88' lang='lat' dir='ltr'>Testamentum</span> <span class='ocrx_word' id='word_1_135' title='bbox 471 2751 638 2809; x_wconf 75' lang='lat' dir='ltr'>Gumnnnr</span> <span class='ocrx_word' id='word_1_136' title='bbox 654 2751 777 2809; x_wconf 88' lang='lat' dir='ltr'>Comitis</span> <span class='ocrx_word' id='word_1_137' title='bbox 792 2750 1010 2809; x_wconf 85' lang='lat' dir='ltr'>Cerritaneusis.</span> <span class='ocrx_word' id='word_1_138' title='bbox 1266 2767 1325 2824; x_wconf 83' lang='lat'>392</span> 
     </span>
     <span class='ocr_line' id='line_1_27' title="bbox 235 2846 1325 2926; baseline -0.004 -19"><span class='ocrx_word' id='word_1_139' title='bbox 235 2847 395 2907; x_wconf 86' lang='lat' dir='ltr'>Walterius</span> <span class='ocrx_word' id='word_1_140' title='bbox 409 2847 527 2926; x_wconf 85' lang='lat' dir='ltr'>eligitur</span> <span class='ocrx_word' id='word_1_141' title='bbox 541 2846 641 2906; x_wconf 88' lang='lat' dir='ltr'>Abbas</span> <span class='ocrx_word' id='word_1_142' title='bbox 655 2848 686 2906; x_wconf 89' lang='lat' dir='ltr'>S.</span> <span class='ocrx_word' id='word_1_143' title='bbox 696 2847 798 2906; x_wconf 90' lang='lat' dir='ltr'>Albini</span> <span class='ocrx_word' id='word_1_144' title='bbox 813 2846 1041 2925; x_wconf 84' lang='lat' dir='ltr'>Andegavensis.</span> <span class='ocrx_word' id='word_1_145' title='bbox 1061 2900 1063 2905; x_wconf 85' lang='lat'>.</span> <span class='ocrx_word' id='word_1_146' title='bbox 1267 2863 1325 2922; x_wconf 91' lang='grc'>393</span> 
     </span>
     <span class='ocr_line' id='line_1_28' title="bbox 233 2941 1225 3023; baseline -0.003 -20"><span class='ocrx_word' id='word_1_147' title='bbox 233 2946 348 3023; x_wconf 92' lang='lat' dir='ltr'>Nequis</span> <span class='ocrx_word' id='word_1_148' title='bbox 376 2945 527 3003; x_wconf 89' lang='lat' dir='ltr'>Monetam</span> <span class='ocrx_word' id='word_1_149' title='bbox 555 2945 752 3004; x_wconf 86' lang='lat' dir='ltr'>Viennensem</span> <span class='ocrx_word' id='word_1_150' title='bbox 787 2943 932 3002; x_wconf 85' lang='lat' dir='ltr'>adulteret</span> <span class='ocrx_word' id='word_1_151' title='bbox 966 2954 1046 3001; x_wconf 87' lang='lat' dir='ltr'>vetat</span> <span class='ocrx_word' id='word_1_152' title='bbox 1077 2941 1225 3000; x_wconf 73' lang='lat' dir='ltr'>Annnus</span> 
     </span>
     <span class='ocr_line' id='line_1_29' title="bbox 275 3039 1326 3101; baseline -0.004 -1"><span class='ocrx_word' id='word_1_153' title='bbox 275 3042 495 3101; x_wconf 84' lang='lat' dir='ltr'>Marcbionisse.</span> <span class='ocrx_word' id='word_1_154' title='bbox 1255 3039 1326 3098; x_wconf 93' lang='lat' dir='ltr'>ibid.</span> 
     </span>
     <span class='ocr_line' id='line_1_30' title="bbox 236 3137 1223 3217; baseline -0.003 -19"><span class='ocrx_word' id='word_1_155' title='bbox 236 3140 352 3198; x_wconf 76' lang='lat' dir='ltr'>Sintula</span> <span class='ocrx_word' id='word_1_156' title='bbox 381 3137 499 3217; x_wconf 80' lang='lat' dir='ltr'>antiquo</span> <span class='ocrx_word' id='word_1_157' title='bbox 525 3137 646 3217; x_wconf 79' lang='lat' dir='ltr'>Angliae,</span> <span class='ocrx_word' id='word_1_158' title='bbox 669 3138 700 3195; x_wconf 91' lang='lat' dir='ltr'>in</span> <span class='ocrx_word' id='word_1_159' title='bbox 729 3140 834 3216; x_wconf 92' lang='lat' dir='ltr'>quibus</span> <span class='ocrx_word' id='word_1_160' title='bbox 861 3139 952 3198; x_wconf 88' lang='lat' dir='ltr'>totius</span> <span class='ocrx_word' id='word_1_161' title='bbox 977 3138 1073 3217; x_wconf 81' lang='lat' dir='ltr'>Regni</span> <span class='ocrx_word' id='word_1_162' title='bbox 1097 3137 1223 3197; x_wconf 86' lang='lat' dir='ltr'>Comitia</span> 
     </span>
     <span class='ocr_line' id='line_1_31' title="bbox 275 3235 1328 3311; baseline -0.005 -19"><span class='ocrx_word' id='word_1_163' title='bbox 275 3235 454 3293; x_wconf 88' lang='lat' dir='ltr'>ordinantur.</span> <span class='ocrx_word' id='word_1_164' title='bbox 1267 3251 1328 3311; x_wconf 83' lang='lat'>394</span> 
     </span>
     <span class='ocr_line' id='line_1_32' title="bbox 236 3331 1226 3410; baseline -0.002 -18"><span class='ocrx_word' id='word_1_165' title='bbox 236 3334 400 3392; x_wconf 82' lang='lat' dir='ltr'>Gnuconn</span> <span class='ocrx_word' id='word_1_166' title='bbox 420 3333 511 3390; x_wconf 59' lang='lat' dir='ltr'>Paean</span> <span class='ocrx_word' id='word_1_167' title='bbox 527 3331 583 3390; x_wconf 90' lang='lat' dir='ltr'>VI.</span> <span class='ocrx_word' id='word_1_168' title='bbox 599 3331 707 3391; x_wconf 84' lang='lat' dir='ltr'>Literae</span> <span class='ocrx_word' id='word_1_169' title='bbox 731 3333 767 3392; x_wconf 91' lang='lat' dir='ltr'>ad</span> <span class='ocrx_word' id='word_1_170' title='bbox 791 3333 949 3393; x_wconf 84' lang='lat' dir='ltr'>Universos</span> <span class='ocrx_word' id='word_1_171' title='bbox 972 3333 1097 3403; x_wconf 86' lang='lat' dir='ltr'>Fideles,</span> <span class='ocrx_word' id='word_1_172' title='bbox 1121 3333 1226 3410; x_wconf 91' lang='lat' dir='ltr'>quibus</span> 
     </span>
     <span class='ocr_line' id='line_1_33' title="bbox 276 3427 1327 3506; baseline -0.001 -19"><span class='ocrx_word' id='word_1_173' title='bbox 276 3449 325 3487; x_wconf 91' lang='lat' dir='ltr'>eos</span> <span class='ocrx_word' id='word_1_174' title='bbox 338 3439 372 3486; x_wconf 94' lang='lat' dir='ltr'>ut</span> <span class='ocrx_word' id='word_1_175' title='bbox 386 3427 529 3506; x_wconf 86' lang='lat' dir='ltr'>indigenti</span> <span class='ocrx_word' id='word_1_176' title='bbox 544 3429 681 3488; x_wconf 86' lang='lat' dir='ltr'>Romanae</span> <span class='ocrx_word' id='word_1_177' title='bbox 697 3430 835 3490; x_wconf 87' lang='lat' dir='ltr'>Ecclesiae</span> <span class='ocrx_word' id='word_1_178' title='bbox 850 3431 1031 3500; x_wconf 84' lang='lat' dir='ltr'>subveniant,</span> <span class='ocrx_word' id='word_1_179' title='bbox 1045 3431 1187 3494; x_wconf 83' lang='lat' dir='ltr'>hortatur.</span> <span class='ocrx_word' id='word_1_180' title='bbox 1267 3430 1327 3504; x_wconf 85' lang='lat'>398</span> 
     </span>
     <span class='ocr_line' id='line_1_34' title="bbox 236 3523 1327 3604; baseline -0.004 -18"><span class='ocrx_word' id='word_1_181' title='bbox 236 3527 343 3586; x_wconf 91' lang='lat' dir='ltr'>Dotem</span> <span class='ocrx_word' id='word_1_182' title='bbox 359 3525 475 3603; x_wconf 87' lang='lat' dir='ltr'>conjugi</span> <span class='ocrx_word' id='word_1_183' title='bbox 489 3546 548 3583; x_wconf 86' lang='lat' dir='ltr'>suoe</span> <span class='ocrx_word' id='word_1_184' title='bbox 562 3527 643 3604; x_wconf 83' lang='lat' dir='ltr'>Ingae</span> <span class='ocrx_word' id='word_1_185' title='bbox 656 3526 706 3586; x_wconf 88' lang='lat' dir='ltr'>dat</span> <span class='ocrx_word' id='word_1_186' title='bbox 721 3528 952 3586; x_wconf 78' lang='lat' dir='ltr'>Innunrmnnus</span> <span class='ocrx_word' id='word_1_187' title='bbox 965 3526 1185 3604; x_wconf 81' lang='lat' dir='ltr'>Langobardus.</span> <span class='ocrx_word' id='word_1_188' title='bbox 1257 3523 1327 3584; x_wconf 94' lang='lat' dir='ltr'>ibid.</span> 
     </span>
     <span class='ocr_line' id='line_1_35' title="bbox 236 3621 1226 3702; baseline 0.001 -22"><span class='ocrx_word' id='word_1_189' title='bbox 236 3623 410 3681; x_wconf 75' lang='lat' dir='ltr'>Hnumcus</span> <span class='ocrx_word' id='word_1_190' title='bbox 425 3621 451 3678; x_wconf 95' lang='lat' dir='ltr'>I.</span> <span class='ocrx_word' id='word_1_191' title='bbox 474 3623 650 3680; x_wconf 83' lang='lat' dir='ltr'>Francorum</span> <span class='ocrx_word' id='word_1_192' title='bbox 666 3623 731 3682; x_wconf 90' lang='lat' dir='ltr'>Rex</span> <span class='ocrx_word' id='word_1_193' title='bbox 746 3624 862 3683; x_wconf 89' lang='lat' dir='ltr'>Fiscum</span> <span class='ocrx_word' id='word_1_194' title='bbox 873 3624 1054 3702; x_wconf 86' lang='lat' dir='ltr'>Vnigradum</span> <span class='ocrx_word' id='word_1_195' title='bbox 1067 3623 1226 3682; x_wconf 92' lang='lat' dir='ltr'>immunem</span> 
     </span>
     <span class='ocr_line' id='line_1_36' title="bbox 276 3718 1326 3780; baseline 0 -4"><span class='ocrx_word' id='word_1_196' title='bbox 276 3718 416 3777; x_wconf 83' lang='lat' dir='ltr'>Ecclesiae</span> <span class='ocrx_word' id='word_1_197' title='bbox 430 3719 603 3779; x_wconf 80' lang='lat' dir='ltr'>carnutensi</span> <span class='ocrx_word' id='word_1_198' title='bbox 618 3721 758 3780; x_wconf 90' lang='lat' dir='ltr'>concedit.</span> <span class='ocrx_word' id='word_1_199' title='bbox 1256 3719 1326 3778; x_wconf 91' lang='lat' dir='ltr'>ibid.</span> 
     </span>
     <span class='ocr_line' id='line_1_37' title="bbox 235 3815 1225 3899; baseline 0.002 -25"><span class='ocrx_word' id='word_1_200' title='bbox 235 3817 357 3874; x_wconf 80' lang='lat' dir='ltr'>Laome</span> <span class='ocrx_word' id='word_1_201' title='bbox 372 3815 467 3873; x_wconf 64' lang='lat' dir='ltr'>Pipa</span> <span class='ocrx_word' id='word_1_202' title='bbox 482 3815 539 3872; x_wconf 90' lang='lat' dir='ltr'>IX.</span> <span class='ocrx_word' id='word_1_203' title='bbox 555 3815 688 3894; x_wconf 90' lang='lat' dir='ltr'>Epistola</span> <span class='ocrx_word' id='word_1_204' title='bbox 701 3817 737 3875; x_wconf 89' lang='lat' dir='ltr'>ad</span> <span class='ocrx_word' id='word_1_205' title='bbox 752 3817 888 3887; x_wconf 88' lang='lat' dir='ltr'>Francos,</span> <span class='ocrx_word' id='word_1_206' title='bbox 904 3839 962 3896; x_wconf 89' lang='lat' dir='ltr'>qua</span> <span class='ocrx_word' id='word_1_207' title='bbox 975 3840 1024 3878; x_wconf 90' lang='lat' dir='ltr'>eos</span> <span class='ocrx_word' id='word_1_208' title='bbox 1035 3829 1069 3877; x_wconf 90' lang='lat' dir='ltr'>ut</span> <span class='ocrx_word' id='word_1_209' title='bbox 1084 3820 1129 3878; x_wconf 92' lang='lat' dir='ltr'>sui</span> <span class='ocrx_word' id='word_1_210' title='bbox 1143 3818 1225 3899; x_wconf 86' lang='lat' dir='ltr'>Apo·</span> 
     </span>
     <span class='ocr_line' id='line_1_38' title="bbox 276 3911 1326 3990; baseline 0.003 -20"><span class='ocrx_word' id='word_1_211' title='bbox 276 3912 343 3970; x_wconf 88' lang='lat' dir='ltr'>stoli</span> <span class='ocrx_word' id='word_1_212' title='bbox 358 3911 484 3990; x_wconf 85' lang='lat' dir='ltr'>Remigii</span> <span class='ocrx_word' id='word_1_213' title='bbox 499 3911 651 3971; x_wconf 88' lang='lat' dir='ltr'>Remensis</span> <span class='ocrx_word' id='word_1_214' title='bbox 665 3915 771 3972; x_wconf 87' lang='lat' dir='ltr'>festum</span> <span class='ocrx_word' id='word_1_215' title='bbox 786 3915 939 3984; x_wconf 91' lang='lat' dir='ltr'>celebrent,</span> <span class='ocrx_word' id='word_1_216' title='bbox 954 3917 1096 3975; x_wconf 87' lang='lat' dir='ltr'>bortatur.</span> <span class='ocrx_word' id='word_1_217' title='bbox 1256 3913 1326 3973; x_wconf 90' lang='lat' dir='ltr'>ibid.</span> 
     </span>
     <span class='ocr_line' id='line_1_39' title="bbox 236 4006 1226 4086; baseline 0.005 -21"><span class='ocrx_word' id='word_1_218' title='bbox 236 4008 427 4067; x_wconf 69' lang='lat' dir='ltr'>Rimannus</span> <span class='ocrx_word' id='word_1_219' title='bbox 441 4006 624 4086; x_wconf 71' lang='lat' dir='ltr'>Burgundio</span> <span class='ocrx_word' id='word_1_220' title='bbox 635 4010 740 4069; x_wconf 87' lang='lat' dir='ltr'>Comes</span> <span class='ocrx_word' id='word_1_221' title='bbox 753 4011 779 4069; x_wconf 95' lang='lat' dir='ltr'>I.</span> <span class='ocrx_word' id='word_1_222' title='bbox 794 4011 1012 4073; x_wconf 86' lang='lat' dir='ltr'>Marascalciam</span> <span class='ocrx_word' id='word_1_223' title='bbox 1031 4025 1060 4073; x_wconf 90' lang='lat' dir='ltr'>et</span> <span class='ocrx_word' id='word_1_224' title='bbox 1075 4013 1226 4072; x_wconf 85' lang='lat' dir='ltr'>Canariam</span> 
     </span>
     <span class='ocr_line' id='line_1_40' title="bbox 276 4104 1328 4188; baseline 0.007 -26"><span class='ocrx_word' id='word_1_225' title='bbox 276 4105 415 4165; x_wconf 73' lang='lat' dir='ltr'>Ecclesia</span> <span class='ocrx_word' id='word_1_226' title='bbox 430 4104 593 4165; x_wconf 82' lang='lat' dir='ltr'>Bisuntinae</span> <span class='ocrx_word' id='word_1_227' title='bbox 607 4106 731 4165; x_wconf 87' lang='lat' dir='ltr'>remittit</span> <span class='ocrx_word' id='word_1_228' title='bbox 745 4108 775 4166; x_wconf 90' lang='lat' dir='ltr'>in</span> <span class='ocrx_word' id='word_1_229' title='bbox 790 4109 859 4168; x_wconf 88' lang='lat' dir='ltr'>villa</span> <span class='ocrx_word' id='word_1_230' title='bbox 873 4111 1019 4171; x_wconf 83' lang='lat' dir='ltr'>Gussiaco.</span> <span class='ocrx_word' id='word_1_231' title='bbox 1268 4129 1328 4188; x_wconf 89' lang='grc'>399</span> 
     </span>
    </p>
   </div>
   <div class='ocr_carea' id='block_1_3' title="bbox 235 4201 1328 4379">
    <p class='ocr_par' dir='ltr' id='par_1_3' title="bbox 235 4201 1328 4379">
     <span class='ocr_line' id='line_1_41' title="bbox 237 4201 1328 4288; baseline 0.008 -30"><span class='ocrx_word' id='word_1_232' title='bbox 237 4201 428 4275; x_wconf 63' lang='lat' dir='ltr'>Facundum</span> <span class='ocrx_word' id='word_1_233' title='bbox 441 4202 581 4281; x_wconf 90' lang='lat' dir='ltr'>Episcopi</span> <span class='ocrx_word' id='word_1_234' title='bbox 597 4202 808 4265; x_wconf 80' lang='lat' dir='ltr'>silvanectensi</span> <span class='ocrx_word' id='word_1_235' title='bbox 823 4207 957 4286; x_wconf 85' lang='lat' dir='ltr'>Epistola</span> <span class='ocrx_word' id='word_1_236' title='bbox 970 4209 1006 4267; x_wconf 97' lang='lat' dir='ltr'>ad</span> <span class='ocrx_word' id='word_1_237' title='bbox 1015 4209 1232 4288; x_wconf 83' lang='lat' dir='ltr'>Berengarium.</span> <span class='ocrx_word' id='word_1_238' title='bbox 1257 4207 1328 4267; x_wconf 90' lang='lat' dir='ltr'>ibid.</span> 
     </span>
     <span class='ocr_line' id='line_1_42' title="bbox 235 4297 1328 4379; baseline 0.005 -23"><span class='ocrx_word' id='word_1_239' title='bbox 235 4299 447 4358; x_wconf 62' lang='lat' dir='ltr'>Barcanorum</span> <span class='ocrx_word' id='word_1_240' title='bbox 463 4297 598 4377; x_wconf 89' lang='lat' dir='ltr'>Epistola</span> <span class='ocrx_word' id='word_1_241' title='bbox 611 4299 649 4358; x_wconf 86' lang='lat' dir='ltr'>ad</span> <span class='ocrx_word' id='word_1_242' title='bbox 662 4300 829 4361; x_wconf 89' lang='lat' dir='ltr'>Ricardum.</span> <span class='ocrx_word' id='word_1_243' title='bbox 1268 4325 1328 4379; x_wconf 88' lang='lat'>400</span> 
     </span>
    </p>
   </div>
   <div class='ocr_carea' id='block_1_4' title="bbox 0 0 1410 4958">
    <p class='ocr_par' dir='ltr' id='par_1_4' title="bbox 0 0 1410 4958">
     <span class='ocr_line' id='line_1_43' title="bbox 0 0 1410 4958; baseline 0 0"><span class='ocrx_word' id='word_1_244' title='bbox 0 0 1410 4958; x_wconf 95' lang='lat' dir='ltr'> </span> 
     </span>
    </p>
   </div>
  </div>
 </body>
</html>
