2790 4958
417 286 564 352 Ruricii
585 286 790 374 Sptdlsym
1107 290 1151 355 47

56 537 152 596 Gesta
164 536 360 594 cursuum
374 534 532 602 Muosrs,
544 534 607 594 sire
625 534 654 594 le
673 534 771 594 Maire
791 534 932 619 Episcopi
948 533 1050 594 Ande·
1090 453 1151 518 P*

138 633 281 712 gavensis,
295 632 333 691 ab
345 632 471 711 ipwmet
483 631 585 691 relata.
1094 650 1152 709 159

56 729 193 788 Historia
215 729 429 808 Episcopomm
451 728 679 795 Trerireusium,
703 739 831 798 auctore,
851 740 887 789 ut
904 728 1052 799 Acherius

96 826 227 902 conjicit,
241 826 436 884 consensuo
449 825 606 884 Monacho.
1092 827 1151 886 208

54 923 224 982 chronicon
237 923 450 1003 Episcoporum
464 922 655 989 Meteusium,
670 943 689 981 a
701 923 811 982 dandas
824 922 941 985 inertis
953 932 1050 983 asoto·

97 1019 407 1078 ribuscontinuatum.
1092 1038 1152 1094 ²²4

57 1118 193 1176 Historia
220 1117 433 1196 Episcoporum
458 1115 684 1175 Virdunensium
711 1115 819 1196 scripta
844 1136 863 1175 a
884 1115 1054 1177 Banasam

98 1213 284 1293 Presbytero.
324 1213 503 1271 laurentius
523 1212 560 1271 de
581 1213 703 1283 laodic,
720 1213 846 1292 primum
869 1213 901 1271 in
923 1213 956 1272 S.
970 1213 1050 1273 Isau·

96 1312 187 1370 rentii
207 1311 362 1369 Leodieusi
382 1309 544 1380 Asceterio,
562 1308 667 1369 deiude
690 1311 721 1368 in
741 1310 882 1370 coenohio
902 1308 1051 1371 S.Vitoni

97 1407 228 1466 Virdun.
254 1408 418 1466 Monachus
439 1407 477 1466 O.
491 1408 527 1465 Β.
541 1406 733 1467 continuavit.
774 1407 851 1466 Item
872 1405 947 1465 alius
966 1408 1051 1484 cujus

96 1525 205 1564 nomen
219 1506 392 1584 ignoranms
1092 1523 1151 1582 234

56 1602 224 1661 chronicon
238 1600 472 1671 Fontanellense‚
485 1599 547 1659 sire
567 1600 599 1659 S.
608 1599 832 1680 wandregesili,
853 1623 919 1662 cum
940 1602 1051 1684 duplici

97 1697 282 1778 Appendice.
1092 1701 1148 1776 263

56 1796 225 1856 Chronicon
245 1794 419 1853 Monasterii
440 1793 473 1852 S.
488 1793 618 1853 Richarii
640 1795 836 1867 centulensis,
852 1797 993 1878 scriptum
1013 1796 1051 1856 ah

98 1894 276 1952 Hsnrunro
288 1891 444 1950 Monacho.
1092 1911 1147 1972 ²9¹

57 1991 225 2051 chronicon
251 1988 423 2048 Monasterii
458 1987 490 2046 S.
514 1987 640 2068 Benigni
668 1988 863 2058 Divionensis,
891 2009 958 2049 cum
985 1988 1051 2071 sp

97 2085 231 2167 renffioe·
1091 2103 1149 2163 ³5⁷

57 2185 224 2244 Chronicon
237 2182 372 2243 Abbatiae
386 2183 554 2251 Besucusis,
569 2194 687 2243 auctore
699 2184 720 2242 J
722 2203 831 2243 carum
843 2185 999 2245 Mouacho.
1090 2204 1151 2259 400

56 2281 225 2340 chronicon
239 2279 271 2338 S.
281 2279 363 2339 Petri
372 2279 443 2339 vivi
458 2280 644 2347 senonensis,
655 2292 773 2340 anctore
787 2281 912 2342 cusum
925 2283 1050 2362 primum

98 2377 302 2445 Floriacensis,
317 2376 422 2436 deinde
436 2377 500 2454 ejus
513 2378 646 2436 coeuobii
660 2379 815 2438 Monacho.
1091 2382 1149 2456 463

57 2475 226 2534 chronicon
239 2473 271 2532 S.
282 2473 418 2533 Medmdi
432 2473 657 2534 suessionensis.
1090 2480 1152 2552 486

57 2574 106 2632 De
121 2572 315 2650 Temporibus
329 2570 520 2648 quorumdam
535 2571 692 2631 Ordinum.
1090 2595 1150 2655 49²

57 2668 238 2747 Genealogia
259 2669 374 2746 Regum
395 2668 574 2728 Francorum
595 2670 746 2746 usquead
765 2670 965 2749 Dagobertum
978 2672 1051 2731 Jun.

100 2766 213 2825 Filium
228 2764 397 2825 Hildeberti
413 2766 456 2824 11.
1079 2771 1152 2832 ibid.

57 2864 238 2944 Genealogia
251 2864 349 2922 caroli
361 2865 464 2943 Magni
480 2864 570 2943 Regis
583 2865 762 2927 Francorum
776 2877 807 2926 et
821 2867 1019 2945 imperatoris.
1090 2888 1149 2946 493

58 2963 201 3022 Narratio
213 2961 361 3040 quomodo
376 2961 510 3040 Regnum
526 2962 703 3022 Francorum
718 2984 736 3021 a
749 2962 846 3021 caroli
865 2964 912 3022 M.
928 2963 1052 3024 Familia

98 3059 136 3118 ad
152 3059 309 3138 Hugonem
324 3059 469 3139 Capetum
482 3058 717 3120 translaumsit.
1080 3063 1151 3127 ibid.

57 3160 107 3217 De
121 3157 251 3217 Posteris
264 3156 407 3216 Ludovici
422 3157 478 3216 Vl.
495 3158 585 3237 Regis
599 3158 788 3218 Francorum.
1091 3181 1153 3239 494

57 3255 107 3314 De
122 3253 252 3314 Posteris
266 3253 401 3314 Rollouis
415 3255 441 3312 1.
455 3255 488 3311 N
488 3256 645 3314 ormanuioe
658 3257 760 3315 Ducis.
1082 3260 1152 3321 ibid.

57 3351 224 3411 chronicon
237 3353 325 3411 breve
338 3351 477 3411 Ecclesia
491 3352 524 3412 S.
536 3353 683 3432 Dionysii,
696 3353 734 3413 ad
747 3353 853 3434 cyclos
867 3355 1029 3416 Psscbales.
1091 3374 1150 3436 495

58 3450 194 3510 Historia
207 3449 417 3511 viceliacensis
430 3450 613 3518 Monasterii‚
626 3462 745 3510 auctore
760 3452 900 3512 Huoonn
915 3455 1030 3514 Prors-

100 3566 177 3606 vmo
191 3546 317 3606 Notario
332 3545 482 3606 cuillelmi
497 3545 632 3607 Abbatis.
1091 3557 1152 3632 498

57 3644 226 3703 Chronicon
249 3645 422 3704 Mouasterii
443 3644 481 3704 Β.
496 3645 600 3704 Maria
617 3645 738 3706 Ordinis
756 3647 787 3706 S.
799 3647 953 3708 Benedicti
973 3650 1052 3730 apud

98 3743 265 3800 Mosomnm
280 3741 311 3798 in
326 3741 451 3800 Dioecesi
461 3742 608 3810 Remensi,
623 3745 659 3803 ab
672 3741 898 3803 Anauuusomn
913 3747 1050 3807 Remeusi

97 3838 244 3917 quondam
257 3837 486 3918 Archiepiscopo
499 3838 626 3910 fundati,
641 3860 707 3899 cum
721 3840 903 3920 Appendicc.
1093 3845 1148 3920 561

57 3936 193 3996 Historia
206 3935 397 3995 Praiatorum
418 3946 449 3995 et
469 3936 682 4016 possessionum
697 3936 835 3997 Ecclesia
849 3939 886 3997 Β.
901 3940 1003 4000 Maria
1017 3940 1054 4001 de

98 4032 251 4102 Fontauis‚
264 4053 283 4091 a
297 4033 494 4092 Punuomno
506 4032 636 4109 ejusdem
651 4034 791 4094 Ecclesiae
804 4035 930 4096 Abbate.
1092 4058 1150 4118 573

57 4129 193 4190 Historia
206 4129 343 4189 Abbatioe
356 4129 576 4197 condomensis,
590 4150 670 4189 nunc
684 4130 889 4212 Episcopatus.
1094 4141 1153 4214 580

57 4226 192 4286 Historia
206 4225 342 4286 abbatia
356 4224 544 4285 Senoniensis
557 4226 587 4284 in
603 4227 726 4306 Vosago,
738 4228 880 4290 Dioecesis
895 4232 1052 4304 Tullensis,

96 4334 217 4381 auctore
232 4321 399 4381 chnsuro
412 4321 542 4398 ejusdem
557 4321 700 4382 Asceterii
716 4325 874 4387 Monacho.
1094 4335 1150 4409 603
