2790 4958
230 304 275 369 26
518 307 609 371 Perii
634 307 803 372 Thoonem
824 309 1051 374 Anoodotoram.

236 505 418 565 Annunnnr
441 507 579 586 Episcopi
601 507 673 566 Ord.
689 508 719 567 S.
731 509 769 568 Β.
794 508 829 567 ad
851 509 1051 568 Nonsvindam
1076 510 1228 570 Reclusam

276 603 450 687 Admonitio
472 604 508 663 (le
522 604 624 663 Laude
638 604 796 665 charitatis
817 626 867 664 seu
882 607 971 665 Liber
990 607 1026 666 de
1042 607 1150 666 Studio
1164 608 1230 666 Vir.

276 711 385 761 tntum.

235 799 414 856 Gnrrruunr
429 798 535 858 veteris
549 799 576 856 T
577 799 692 878 heologi
706 800 794 858 Liber
809 799 845 858 de
859 799 1014 858 Trinitate.

236 893 369 953 Pancrm
387 894 598 964 Nonantulani,
614 896 713 975 Episc.
729 896 817 954 Liber
832 895 868 954 de
885 896 1005 955 Honore
1017 895 1167 956 Ecclesiae.

237 991 427 1050 Haueanrcr
453 992 590 1051 Monachi
616 991 867 1052 sanct-Galleusis
889 993 980 1052 Liber
1005 992 1042 1052 de
1067 994 1214 1072 Computo

277 1085 490 1145 Ecclesiastico.

236 1182 395 1240 Gunuour
418 1183 572 1262 Praepositi
597 1181 884 1261 Reicherspergensis
912 1183 1001 1241 Liber
1028 1183 1065 1242 (le
1094 1183 1230 1243 AEdificio

278 1280 336 1338 Dei
350 1300 401 1338 seu
416 1279 452 1339 de
466 1279 564 1339 studio
578 1290 608 1339 et
621 1298 690 1338 cura
704 1277 874 1357 Disciplina
889 1278 1109 1339 Ecclesiastico.
1273 1300 1329 1360 275

238 1377 377 1456 Ejusdem
395 1376 537 1455 Dialogus
560 1376 597 1435 (le
618 1376 781 1435 differentia
795 1374 901 1434 Clerici
915 1374 1120 1462 Regularisnet
1138 1376 1228 1436 Secu-

277 1474 344 1532 laris
357 1475 394 1533 ad
408 1475 612 1534 Innocentium
628 1475 670 1532 ll.
686 1475 720 1532 P.
730 1474 776 1532 M.
1270 1495 1332 1555 439

236 1575 355 1635 Inunor
385 1577 544 1635 Coenobitoe
575 1575 752 1634 Emmeram.
775 1575 849 1633 circa
876 1596 912 1633 an
941 1593 1034 1633 ncxo.
1064 1574 1154 1634 Liber
1175 1576 1228 1633 IV.

277 1673 387 1744 Quaest.
402 1673 438 1732 de
452 1673 582 1739 Clericis,
593 1671 745 1730 Monachis
759 1682 789 1730 et
804 1670 1085 1730 Sanctimonialibus.
1270 1688 1329 1750 507

232 1770 376 1850 Anonymi
392 1771 572 1830 Benedictini
585 1770 660 1829 circa
674 1768 803 1829 seculum
818 1768 1021 1829 duodecimum
1037 1768 1179 1849 Dialogus
1193 1770 1230 1830 de

277 1868 340 1925 Esu
355 1867 539 1927 volatilium.
1271 1883 1327 1945 545

234 1966 400 2024 Jonnnnrs
424 1986 466 2024 nn
494 1967 592 2026 Seras
618 1966 727 2024 Prioris
751 1963 932 2024 Mellicensis
953 1965 1028 2023 circa
1048 1983 1228 2024 uccccxxx.

277 2063 432 2122 Tractatus
446 2064 482 2122 de
497 2064 561 2122 Esu
575 2063 712 2122 Carnium
728 2062 940 2120 Monachorum
955 2061 1145 2120 infirmorum.
1271 2065 1331 2141 569

236 2159 386 2238 Antiquus
400 2171 430 2219 et
444 2159 557 2239 amplus
571 2160 653 2219 Ordo
666 2158 782 2238 publice
795 2159 1009 2237 poenitentium.
1270 2162 1306 2218 61
1318 2181 1327 2218 r

234 2256 319 2316 Ordo
340 2256 472 2316 diffusior
492 2256 631 2336 probandi
648 2256 791 2315 Homines
810 2255 846 2314 de
860 2255 989 2314 Crimine
1010 2265 1159 2335 suspectos
1178 2275 1230 2335 per

276 2354 384 2432 ignitos
398 2354 549 2421 Vomeres,
564 2356 617 2412 &a
1268 2355 1308 2430 63
1311 2375 1328 2432 5

668 2551 789 2614 PARS
821 2552 889 2613 111.

236 2686 480 2767 Supplementnm
503 2689 643 2748 Historia
668 2687 879 2746 Miraculorum
906 2687 938 2746 S.
961 2687 1100 2746 Matthiae
1128 2688 1187 2768 Ap.

276 2783 407 2843 Auctore
423 2785 568 2864 Anonymo
582 2785 774 2844 Benedictino
789 2784 963 2843 Trevirensi.
1314 2807 1326 2844 1

235 2882 313 2941 Acta
332 2883 364 2940 S.
376 2882 580 2961 Christophori
602 2882 648 2940 M.
665 2902 747 2940 versu
772 2892 802 2939 et
822 2901 907 2959 prosa
929 2880 1075 2961 descripta
1096 2903 1114 2940 a
1131 2882 1228 2941 Wnr..

276 2997 388 3038 nunno
403 2979 586 3051 Subdiacono
601 2979 741 3058 Spirensi,
755 2978 806 3055 qui
820 2977 933 3036 Ottone
947 2978 1008 3036 lll.
1023 2979 1098 3056 Imp.
1112 2978 1222 3036 floruit.
1293 2999 1331 3056 29

234 3074 321 3145 Acta,
336 3087 365 3134 et
380 3076 492 3154 integra
505 3076 644 3134 hactenus
663 3075 773 3135 inedita
787 3075 933 3134 Miracula
947 3075 979 3133 S.
991 3075 1153 3134 Herculani
1168 3076 1227 3155 Ep.

276 3172 410 3230 Perusini
425 3184 454 3231 et
469 3173 514 3230 M.
529 3185 646 3232 auctore
661 3173 806 3252 Anonymo
820 3171 972 3230 Perusino.
1272 3190 1308 3229 12
1311 3190 1327 3249 5

236 3269 269 3327 S.
277 3268 441 3348 Liutbirgis
456 3269 589 3329 Recluaae
607 3271 638 3329 iu
653 3270 781 3329 Dioecesi
792 3268 1043 3328 Halberstadieusi
1058 3267 1156 3328 seculo
1170 3269 1227 3328 lx.

276 3365 348 3424 Vita
362 3378 480 3425 auctore
494 3367 648 3447 Anonymo.
1272 3385 1329 3444 147

240 3461 305 3519 Vita
322 3463 353 3520 S.
363 3463 474 3522 Alberti
487 3463 626 3544 Archiep.
641 3464 828 3524 Cassallensis
842 3465 872 3521 in
887 3462 1051 3542 Hybernia.
1274 3465 1326 3523 181

234 3558 338 3617 Ludus
354 3559 501 3618 Paschalis
524 3562 578 3620 sub
600 3561 749 3622 Friderico
772 3561 797 3618 I.
820 3561 895 3638 lmp.
918 3558 954 3617 ‹le
975 3558 1117 3619 Adventu
1137 3559 1227 3620 Anti·

235 3702 237 3707 .
275 3657 374 3715 christi
389 3657 420 3715 in
435 3679 519 3717 scena
532 3659 688 3718 exhibitus.
1268 3659 1325 3734 187

236 3754 385 3814 Hanarm
420 3755 627 3815 Archidiaooni
666 3756 817 3833 Salzburg.
853 3754 987 3813 Historia
1021 3754 1227 3814 calamitatum

275 3851 415 3911 Ecclesiae
441 3871 502 3911 snoe
530 3853 584 3912 sub
612 3851 774 3913 Adelberto
801 3851 939 3930 Archiep.
966 3863 998 3910 et
1027 3851 1176 3910 Friderico
1201 3850 1227 3910 1.
1257 3916 1259 3921 Α

275 3950 351 4028 1⁰¹1>-
1269 3967 1328 4026 199

233 4043 303 4102 Vita
330 4044 480 4104 Ohunradi
508 4047 535 4105 1.
562 4043 701 4125 Archiep.
730 4046 874 4125 Salabnrg
900 4056 1018 4105 auctore
1047 4045 1192 4124 Aaonpmo

275 4139 540 4200 Reitenhaslacensi
555 4141 628 4201 Ord.
643 4141 716 4200 cist.
733 4141 914 4221 Synchrono.
1271 4159 1326 4200 221

235 4235 303 4294 Vita
317 4236 349 4294 S.
357 4235 479 4296 Alrunoe
490 4238 709 4298 Marchionissae
720 4237 910 4300 Chambensis
923 4249 1042 4299 auctore
1054 4237 1200 4318 Anonymo

275 4332 513 4394 Nideraltahensi
527 4333 600 4394 Ord.
613 4334 644 4393 S.
654 4336 729 4394 Ben.
1271 4351 1327 4413 253
