2790 4958
296 319 461 389 maana
475 317 662 388 aelerna
677 320 881 388 ennaea.
1098 306 1158 388 rar

135 494 324 564 Societatis
356 473 444 566 Jesu
473 492 684 587 Presbytero
719 491 902 585 descripta,
931 492 1037 584 inque
1071 488 1159 562 duos

132 607 455 693 libros'distributa,
474 609 635 693 Quorum
653 611 747 702 prior
757 608 1021 700 Mennscriptos
1038 610 1156 690 trium,

78 799 82 805 ,
131 725 459 818 praecipuarumque
481 724 748 796 Pistoriensinm
769 723 1072 794 Bibliothecamm
1090 722 1158 793 Co-

115 840 237 922 dices,
262 842 435 933 posterior
465 839 696 910 Pistorienses
727 838 923 932 Scriptores
953 838 1158 931 complecti-

132 962 201 1036 tur,
231 977 314 1025 cum
348 952 480 1048 duplici
513 955 717 1047 appendice,
747 977 819 1024 una
848 961 1019 1035 veterum,
1046 952 1158 1025 altera

53 1085 65 1107 '
100 1072 338 1168 ’'recentium,
364 1079 514 1163 utraque
541 1071 756 1140 ineditorum
781 1069 963 1150 hactenus,
989 1077 1158 1161 praestan-

131 1183 293 1276 tiumque
327 1193 650 1266 monumentorum.
705 1184 882 1279 Augustae
915 1184 1157 1265 Taurinorum,

99 1312 102 1318 '
132 1320 292 1372 unccmr.
344 1301 402 1373 Ex
420 1301 665 1396 Typograplria
681 1300 805 1394 Regia.
856 1300 900 1369 In
918 1303 990 1368 lto.

421 1566 522 1638 Index
538 1566 655 1637 Primae
671 1566 790 1637 Partis.

57 1742 248 1803 Bibliotheca
270 1745 456 1804 Pistoriensis
483 1744 557 1804 liber
582 1745 607 1804 Ι.
634 1765 685 1803 seu
712 1742 908 1822 blanuscripti
934 1741 1034 1807 trium,

98 1841 367 1920 praecipuarumque
382 1842 606 1901 Pistoriensium
622 1840 869 1900 Bibliothecarum
885 1837 1017 1897 Codices.
1054 1838 1122 1915 Pag.
1143 1853 1153 1893 1

56 1939 131 1995 Pars
146 1938 171 1994 1.
188 1937 310 1996 Codices
324 1937 444 2015 aliquot.
460 1939 556 2016 quiin
570 1938 724 1997 secretiore
739 1936 892 1996 Illustriss.
909 1946 939 1994 et
953 1935 1049 1994 Reve.

96 2035 218 2094 rendiss.
235 2036 377 2115 Episcopi
392 2035 576 2094 Pistoriensis
590 2034 722 2092 Archino
736 2044 898 2092 servantur.
1084 2031 1156 2090 ibid.

55 2132 131 2190 Pars
144 2132 188 2190 11.
207 2132 330 2190 Codices
351 2132 552 2210 manuscripti.
567 2131 617 2208 qui
639 2130 670 2188 in
692 2128 895 2188 Reverendiss.
910 2128 1036 2187 Canoni-

96 2248 195 2286 corum
212 2227 430 2288 Pistoriensium
445 2226 576 2286 Archino
590 2227 789 2285 adservantur.
1138 2241 1154 2300 3

56 2325 156 2404 Caput
170 2325 207 2383 1..
219 2324 344 2384 Codices
357 2325 450 2384 MSS.
466 2325 496 2383 in
517 2324 624 2401 quibus
645 2325 732 2382 Sacra
754 2320 860 2388 Biblia.
877 2324 965 2401 inque
986 2324 1036 2383 illa

97 2442 307 2501 anonymorum
322 2423 518 2501 expositiones
533 2433 563 2479 et
577 2431 685 2479 catenae
700 2420 897 2479 continentur.
1086 2421 1155 2481 ibid.

56 2518 156 2597 Caput
170 2517 214 2576 11.
236 2518 340 2576 Patres
353 2529 384 2577 et
399 2518 560 2597 Scriptores
575 2517 784 2576 Ecclesiastici.
1138 2535 1154 2593 5

55 2616 155 2693 Caput
170 2613 230 2671 111.
245 2614 442 2673 Conciliorum
456 2625 486 2674 et
501 2617 652 2674 Canonum
668 2613 798 2672 Codices.
1122 2633 1158 2687 14

55 2711 156 2790 Caput
171 2711 223 2768 lV.
245 2710 368 2770 Codices
381 2710 534 2790 Litnrgici.
1120 2730 1157 2770 20

55 2807 155 2883 Caput
172 2808 206 2864 V.
222 2807 346 2866 Codices
359 2804 552 2866 Miscellanei.
1120 2826 1155 2884 2³

55 2904 156 2982 Caput
170 2904 224 2961 v1.
240 2905 300 2962 Seu
313 2903 507 2984 appendicula
521 2904 683 2963 editionum
698 2902 810 2984 aliquot
824 2905 1018 2984 antiquarum.
1121 2923 1135 2961 2
1140 2922 1155 2980 5

56 2999 130 3058 Pars
145 3000 205 3058 111.
229 3000 321 3059 MSS.
344 3001 457 3060 codices
476 3002 527 3078 qui
548 3002 578 3059 in
594 3001 777 3060 Bibliotheca
793 3002 988 3068 Pistoriensis.
1003 3014 1036 3061 ut

96 3095 191 3166 aiunt,
214 3097 369 3175 Sapientiae
396 3096 597 3168 adservantur,
619 3118 671 3157 seu
700 3098 736 3157 de
762 3098 865 3157 iisdem
890 3098 1038 3158 codicibus

98 3191 245 3252 Francisci
268 3194 394 3252 Antonii
415 3194 560 3253 Zacharia
585 3193 622 3252 ad
643 3195 854 3272 Hieronymum
879 3194 1035 3271 Lngomar-

97 3287 205 3348 sinium
237 3288 381 3369 Epistola,
413 3311 490 3349 anno
524 3309 735 3350 crosoocxusv.
771 3291 896 3369 primum
932 3311 1038 3350 excusa

97 3384 134 3441 T.
149 3404 219 3444 xxx.
241 3384 430 3445 Collectionis
444 3386 649 3464 Celegerianae,
665 3407 731 3466 pag.
746 3403 817 3463 437,
839 3406 917 3448 nunc
939 3407 1036 3447 emen·

97 3480 202 3552 dstior,
217 3491 248 3540 et
264 3481 386 3540 auctior.
1121 3489 1158 3546 28

54 3576 218 3657 Appendix
231 3577 409 3636 ineditorum
424 3589 689 3639 monumentorum.
1119 3586 1158 3642 60

54 3677 154 3755 Caput
175 3676 201 3734 1.
217 3676 434 3736 Tenonaurnr
457 3675 583 3736 Abbatis
607 3675 793 3738 Benedictini
818 3679 855 3738 sd
880 3679 1035 3738 Claudium

97 3772 309 3833 Taurinensem
324 3773 469 3852 Epistola.
1086 3778 1158 3838 ibid.

54 3869 156 3948 Caput
176 3869 220 3927 11.
236 3869 377 3927 Cssunrr
394 3869 584 3930 Taurinensis
599 3870 739 3952 Episcopi
761 3873 797 3931 ad
811 3873 1035 3932 'l'heodemirum

95 3965 243 4024 Abbatem
256 3966 439 4044 responsoria
454 3967 599 4046 Epistola.
1003 3980 1006 3986 '
1118 3973 1155 4030 62

55 4063 154 4142 Caput
176 4062 238 4121 111.
264 4062 435 4141 Nonaginta
462 4064 653 4124 Pannoarnr
677 4066 817 4146 Episcopi
840 4068 973 4128 Canones
998 4089 1034 4127 ex

96 4159 193 4218 Paulli
210 4159 352 4239 Epistolis
366 4161 475 4240 sumpti
490 4172 591 4220 contra
605 4162 757 4221 boereticos
771 4164 816 4222 sui
831 4166 981 4244 temporis.

55 4257 155 4337 capnt
169 4254 226 4315 IV.
242 4255 400 4334 catalogus
415 4256 613 4316 Romanorum
629 4259 818 4318 Pontificum.

55 4355 154 4431 Caput
169 4352 208 4411 V.
222 4351 379 4431 catalogus
393 4352 467 4412 alter
481 4353 680 4413 &manorum
696 4355 884 4414 Pontificum.

586 4469 641 4508 xa
