2790 4958
148 292 168 351 l
297 291 438 353 Montana
458 299 487 353 et
508 289 646 353 Daroad
669 289 838 353 Thesaurus
859 289 1089 352 Autodotorum.

663 553 731 629 IV.

190 735 231 802 D.
247 736 425 800 Eumenous
444 734 612 813 Murmur,
628 736 676 799 vir
697 756 820 799 summa
841 734 1014 820 diligentia,
1037 757 1075 800 ao
1098 737 1246 800 doctrina

147 840 233 903 haud
254 861 353 923 parva
374 838 513 923 insignis,
536 845 570 902 et
591 837 633 901 D.
649 837 789 900 Unsruus
809 837 956 914 Damno,
974 837 1126 902 Monaohi
1145 838 1246 902 Bene

148 941 258 1005 diutini
282 962 300 1003 e
326 940 578 1025 congregatione
604 939 638 1003 S.
656 938 773 1017 Mauri,
800 939 952 1022 praeolara
977 938 1116 1002 virorum
1141 940 1245 1002 erudi-

147 1042 341 1108 tissimorum
366 1041 516 1106 Daeherii
545 1047 578 1104 et
605 1040 784 1104 Mabillonii
808 1040 953 1124 exempla
982 1039 1108 1118 imitati,
1135 1062 1245 1104 monu-

146 1152 255 1209 menta
277 1144 365 1209 varia
386 1145 428 1208 ad
449 1166 501 1207 res
521 1150 592 1208 tum
614 1143 864 1220 Ecclesiastioas‚
880 1147 950 1205 tum
972 1142 1153 1206 Historioas
1174 1165 1245 1227 per·

146 1247 283 1312 tinentia
312 1268 382 1331 quae
412 1247 480 1309 Iter
512 1268 603 1309 suum
633 1246 824 1309 Litororr'wm
856 1243 1008 1309 facientes
1037 1245 1244 1323 offenderant,

142 1349 224 1433 juris
245 1347 362 1433 publici
384 1348 537 1411 feoeruut.
575 1347 671 1410 Anno
687 1347 806 1412 Christi
828 1368 984 1410 uoocxvn.
999 1368 1064 1410 una
1082 1367 1190 1409 omnes
1212 1345 1246 1408 in

145 1451 248 1514 lucem
272 1449 458 1534 prodierunt
487 1449 581 1533 hujus
605 1448 806 1514 Oolleetionis
831 1446 931 1522 tomi3
965 1469 1099 1531 quorum
1124 1446 1245 1531 primus

146 1553 206 1616 hae
220 1551 424 1635 inseriptioue
438 1552 574 1636 gaudet:

146 1784 366 1854 Tuussuaus
400 1783 534 1854 Novus
568 1781 861 1853 Auucnoroauu.
916 1781 1047 1851 Tomus
1095 1780 1244 1863 Primus,

220 1900 459 1991 complectens
498 1899 638 1990 Regum
689 1921 730 1966 ae
777 1897 981 1988 Principum
1025 1896 1245 1988 aliorumque

222 2013 392 2084 Virorum
426 2012 624 2082 Illustrium
653 2011 831 2104 Epistolas
859 2021 896 2081 et
922 2010 1128 2102 Diplomata
1153 2010 1245 2081 bene

220 2129 344 2199 multa.
376 2127 500 2198 Prodit
516 2152 611 2241 npnc
627 2129 781 2220 primum
799 2129 916 2196 studio
933 2136 970 2196 et
988 2151 1094 2219 opera
1111 2127 1246 2197 Domni

221 2244 400 2313 Edmundi
423 2244 589 2314 Martene
612 2251 649 2313 et
672 2242 805 2312 Domni
824 2242 945 2312 Ursini
965 2242 1122 2324 Durand‚
1142 2242 1246 2313 Pres-

220 2359 424 2452 byterorum
441 2368 478 2429 et
489 2359 750 2428 Monaohorum
762 2358 1076 2429 Benedictinorum
1090 2382 1110 2428 e
1124 2381 1244 2450 congr.

221 2473 258 2544 S.
274 2474 405 2544 Mauri.
441 2475 598 2544 Lutetiae
617 2474 839 2556 Parisiorum,
858 2474 1056 2565 sumptibus

174 2648 177 2655 ·
260 2620 436 2686 Florentini
451 2621 603 2696 Delaune,
691 2618 988 2683 loannis-Gaufridi
1004 2617 1105 2702 Nyon,

260 2717 376 2784 Hilarii
392 2719 559 2796 Foneault‚
691 2718 845 2801 Stephani
861 2720 1002 2796 (laneam

260 2823 427 2888 Miohaelis
441 2822 592 2899 Olonzier,
689 2820 811 2884 Nioolai
828 2820 982 2898 Gesselin,

412 2956 690 3049 Bibliopolarum
709 2956 968 3027 Parisiensium.

224 3135 416 3187 unccxvn.
434 3114 527 3183 Cum
546 3111 735 3205 Privilegio
750 3113 858 3206 Regis
880 3121 917 3183 et
936 3114 1163 3206 Superiorum

595 3226 783 3298 Permissu.
854 3244 870 3269 ἢ

190 3385 294 3465 Quum
318 3382 369 3445 hio
395 3379 515 3466 primus
539 3387 646 3445 tomus
669 3380 747 3444 nihil
773 3382 915 3447 eontinet
936 3383 996 3447 nisi
1020 3384 1182 3468 Epistolas
1205 3409 1245 3450 ao

146 3484 340 3572 Diplomata,
364 3504 434 3566 quae
458 3481 551 3545 nimis
576 3482 703 3567 longum
727 3482 819 3562 foret,
848 3505 950 3568 neque
975 3507 1080 3569 operae
1105 3486 1245 3570 pretium

146 3593 206 3665 est,
222 3605 415 3662 enumerare,
427 3584 469 3648 ad
483 3583 619 3647 alterum
632 3605 812 3668 pergamus.

147 3791 366 3860 Tuusuuaus
397 3786 530 3858 Novus
557 3785 851 3858 Auucnororuu.
898 3789 1029 3859 Tomus
1059 3791 1244 3874 secundus,

223 3909 260 3976 in
294 3929 364 3997 quo
398 3905 625 3973 eontinentur
655 3903 804 3974 Ursmr
836 3903 946 3975 Parni
971 3906 1040 3977 IV.
1071 3906 1244 3998 Epistolae

225 4019 366 4090 LXIV.
405 4019 615 4089 Cuuuuurrs
645 4018 755 4089 Parra
785 4019 855 4091 IV.
874 4020 1045 4113 Epistolae
1073 4020 1244 4092 DCCXI.

222 4135 247 4205 J
248 4154 381 4206 esurus
411 4130 542 4202 XXII.
562 4132 749 4205 Processus
770 4135 856 4204 varii
878 4136 916 4203 in
934 4135 1155 4207 Ludovieum
1175 4137 1246 4209 Ba-

222 4271 345 4320 varum
379 4255 416 4318 et
448 4249 523 4339 ejus
555 4247 730 4320 Asseolas.
782 4249 1000 4321 quocunru
1024 4246 1091 4322 VI.
1120 4253 1247 4347 Regis-

223 4376 318 4436 trum
345 4363 583 4457 Epistolarum
617 4388 708 4434 anno
741 4385 910 4436 uocem.
962 4365 1116 4459 Aliaque
1142 4369 1247 4461 plura
