2790 4958
422 315 800 399 DacderiiSpicilopistm
1125 316 1168 381 78

63 563 217 622 Ranuurr
232 565 455 644 Archiepiscopi
473 565 689 643 Lugdunensis,
711 575 742 622 et
763 563 901 641 Hugonis
918 564 1066 623 Edueuais

106 661 245 739 Episcopi
276 662 474 720 ordinationes
503 683 557 741 pro
583 662 834 720 administratione
860 660 1065 740 Archiepisco-

106 769 193 836 patus
206 768 238 816 et
252 759 458 837 Episcopatus,
472 758 541 818 sede
554 769 684 817 vacante.
1105 758 1163 833 693

64 855 239 912 Bourracrr
253 854 350 913 Parra
365 855 456 913 VIII.
470 854 606 935 Epistola
619 854 657 911 ad
672 854 782 931 Regem
797 854 1014 930 Majoricamm.
1105 857 1166 931 694

63 951 287 1009 (1616666668
303 952 549 1030 Archiepisoopus
563 951 794 1027 Rotomageusis,
811 949 983 1008 Dominium
1005 951 1065 1010 Re.

106 1048 152 1124 gis
165 1049 197 1104 in
210 1047 393 1105 Normannia
405 1049 444 1106 ab
455 1047 612 1106 interdicto
625 1047 738 1106 liberat.
1105 1050 1163 1123 695

66 1145 202 1222 Ejusdem
222 1165 256 1202 ac
276 1157 445 1203 caeterorum
460 1145 650 1203 Normanuiae
665 1144 856 1202 Praelatorum
871 1143 1008 1222 Epistola
1027 1143 1064 1203 de

103 1242 171 1318 jure
184 1252 355 1320 patronatus
368 1242 405 1300 ad
420 1241 589 1320 Philippum
604 1241 662 1298 IV.
677 1241 856 1299 Francorum
871 1239 991 1317 Regem.

65 1339 161 1397 Saura
174 1338 276 1397 Jacobi
287 1339 495 1416 Majoricarum
510 1339 600 1417 Regis
614 1338 674 1396 filia
687 1338 838 1407 naturalis,
849 1338 1065 1396 matrimonium

106 1436 253 1493 contrabit
266 1455 332 1493 cum
348 1435 439 1494 Petro
452 1435 635 1494 Gauoerandi
649 1435 687 1492 de
701 1434 831 1492 Pinosio.
1105 1435 1166 1511 696

67 1534 252 1591 Pururrrus
267 1532 325 1590 IV.
338 1533 517 1591 Francorum
529 1533 604 1600 Rex,
614 1552 714 1590 omues
729 1530 869 1589 Pmlatoa
882 1550 916 1589 ac
929 1551 1067 1609 personas

107 1628 327 1687 Ecclesiasticus
341 1629 437 1707 Regni
452 1629 498 1686 sui
511 1629 588 1687 bona
608 1648 625 1685 a
645 1648 677 1686 sc
696 1627 838 1704 acquisita
851 1628 950 1704 quiete
964 1638 1066 1686 tenere

103 1726 201 1802 jubet,
215 1701 303 1783 rirodo
317 1725 457 1784 decimam
472 1724 595 1783 solvant.
1106 1727 1164 1801 697

66 1823 150 1881 Idem
163 1824 201 1882 ob
216 1823 366 1881 victoriam
386 1824 417 1881 iu
433 1821 571 1880 Ilandria
591 1820 723 1888 relatam,
738 1831 857 1879 centum
870 1820 959 1879 libras
971 1839 1065 1878 annu.

107 1920 178 1976 atim
193 1918 345 1978 wlrendas
357 1921 462 1978 tribuit
475 1918 614 1977 Ecclesia
628 1917 812 1976 Camuteusi.
1106 1920 1166 1995 698

68 2017 150 2074 Idem
173 2015 325 2074 Ludovico
347 2017 433 2075 fratri
454 2017 633 2074 comitatum
659 2014 875 2084 Ebroicensem,
900 2027 931 2074 et
953 2015 1065 2093 aliquot

109 2113 323 2192 Praeposituras
335 2115 470 2192 assignat.
1096 2113 1166 2173 ibid.

67 2211 277 2269 Maaoaanna
297 2209 335 2269 de
348 2210 500 2287 Bellojoco
519 2208 669 2267 renuntiat
686 2210 822 2268 omnibus
841 2211 925 2269 bonis
943 2210 1066 2269 Joanuis

108 2308 146 2367 de
167 2307 318 2366 cabillone
341 2306 606 2366 Autissiodorensis
629 2307 752 2364 Comitis
774 2307 871 2366 mariti
895 2308 950 2374 sui,
972 2328 1066 2387 nuper

107 2407 171 2463 fato
184 2405 291 2462 functi.
1109 2422 1166 2480 700

66 2501 212 2560 Mandata
224 2499 292 2559 data
306 2501 397 2558 Petro
410 2500 447 2559 de
462 2495 585 2570 Parada,
601 2503 729 2561 Domino
745 2501 782 2560 de
796 2501 903 2569 Cheaa,
920 2501 1014 2560 Priori
1029 2501 1066 2560 de

109 2595 246 2668 Meuillo,
262 2596 299 2655 ad
313 2597 432 2655 Curiam
446 2597 681 2657 Arenioueusem
695 2599 813 2657 missos
827 2599 992 2657 Prrrnrreo
1007 2599 1063 2657 IV.

109 2695 289 2753 Francorum
304 2693 397 2771 Rege.
1096 2696 1166 2755 ibid.

67 2792 290 2849 Testamentum
305 2789 529 2848 Somnum
544 2791 665 2869 116ςί66
679 2792 894 2869 lllajoricarum.
1109 2811 1165 2868 702

67 2889 253 2946 Paruimus
273 2885 330 2946 IV.
354 2886 452 2946 debita
473 2908 491 2945 a
511 2907 543 2946 cc
562 2899 710 2947 contracta
730 2889 815 2966 jubet
837 2890 874 2948 ad
895 2890 971 2948 diem
991 2909 1065 2969 prae·

109 2984 202 3041 fixum
215 2983 300 3042 solvi.
1109 3003 1167 3061 704

67 3081 291 3139 Matrimonium
317 3092 497 3139 contractum
522 3082 599 3139 inter
618 3081 800 3140 Ferrandum
821 3082 924 3141 Jacobi
944 3083 1065 3159 Majori·

109 3198 208 3236 carum
223 3178 314 3256 Regis
328 3177 430 3248 filium.
445 3190 476 3237 et
490 3178 641 3237 lsabellam
657 3177 744 3236 filiam
760 3178 891 3257 Philippi
905 3179 1066 3249 d’Ybellin,

111 3275 269 3334 Senescalli
283 3275 384 3354 Cypri.
1095 3277 1166 3335 ibid.

68 3371 209 3429 Saucius
235 3370 442 3447 Majoricarum
466 3370 531 3428 Rex
556 3371 707 3430 coufirmat
730 3371 853 3430 feudum
873 3392 890 3430 a
910 3373 1068 3451 predeces-

111 3468 224 3526 soribus
236 3468 297 3526 suis
312 3468 436 3526 dominis
449 3467 485 3524 de
501 3467 533 3526 S.
542 3467 657 3526 Joanne
671 3467 818 3526 collatum.
1109 3488 1146 3545 70
1149 3489 1165 3547 5

69 3563 177 3621 Servos
203 3584 304 3623 omues
330 3567 362 3622 iu
389 3565 532 3624 domaniis
558 3566 619 3623 suis
647 3566 734 3624 certis
757 3566 929 3643 quibusdam
954 3566 1067 3644 legibus

110 3662 277 3720 manumitti
287 3662 373 3738 jubet
386 3663 570 3722 Lonovroua
585 3662 625 3719 X.
641 3661 819 3720 Francorum
835 3663 909 3721 Rex.
1109 3678 1166 3738 707

71 3758 153 3816 Idem
166 3779 265 3816 servos
278 3759 316 3817 ad
328 3758 492 3817 libertatem
507 3759 695 3817 obtinendam
709 3758 786 3837 adigi
797 3759 892 3836 jubet.
1096 3759 1167 3817 ibid.

70 3855 211 3932 Ejusdem
226 3855 360 3934 Epistola
373 3854 410 3913 ad
425 3855 573 3913 Gaaoncm
589 3855 767 3933 Episcopum
782 3856 1017 3914 Lauduueusem.
1095 3856 1167 3915 ibid.

70 3950 219 4009 Roanarr
234 3951 454 4030 Archiepiscopi
469 3952 621 4010 11669686
637 3951 771 4030 Epistola
791 3952 829 4010 ad
849 3952 947 4032 plures
960 3952 1066 4011 Archi.

111 4047 261 4126 episcopos
275 4060 306 4105 et
321 4048 489 4126 Episcopos.
1097 4049 1167 4109 ibid.

69 4145 193 4202 AEornu
219 4144 437 4223 Archiepiscopi
467 4145 688 4223 Rotomageusis
713 4146 848 4226 Epistola
875 4147 911 4204 ad
935 4147 1065 4205 Ludovi·

111 4261 177 4298 cum
195 4241 234 4298 X.
250 4239 427 4299 Francorum
444 4241 565 4319 Regem.
1109 4245 1167 4318 708

71 4338 175 4395 Parati
200 4336 374 4395 Patriarchae
399 4334 647 4415 Jerosolymitani‚
671 4348 701 4396 et
724 4338 863 4418 Episcopi
889 4340 1066 4399 Rutenensis

109 4433 201 4493 literae
216 4434 381 4492 hortatoria
394 4434 431 4492 ad
445 4433 660 4512 expeditionem
675 4436 904 4495 transmarinam.
1095 4436 1165 4494 ibid.
