2790 4958
415 313 564 379 Dodoni
585 312 792 398 Spia'lcqism.
1111 311 1151 373 41

1094 441 1154 504 rag.

58 527 215 585 Sermones
230 525 268 584 V.
283 525 392 585 Selecti
405 526 551 585 Assorus
565 525 704 584 Monuchi
719 525 751 584 S.
762 524 902 584 Germani
916 544 934 582 s
948 521 1055 582 Protis.
1095 542 1111 598 3
1116 522 1155 598 36

59 623 228 680 Rauranum
262 643 301 682 ex
335 623 483 682 Monacbo
513 623 652 682 Lobicnsi
681 621 803 680 Ordinis
834 620 865 679 S.
890 619 1054 686 Benedicti,

100 720 241 799 Episcopi
258 719 435 779 Veronensis
447 721 555 800 Opera,
570 718 632 778 scil.

58 815 207 876 Volumen
224 816 512 894 Perpendiculorum,
530 815 568 875 ad
589 815 758 874 Habortum
779 814 960 895 Episcopum
982 813 1054 871 Par-

100 935 246 981 mensern;
268 914 304 974 de
319 915 489 993 contempni
503 914 665 971 Canopum.

59 1011 218 1070 Conclusio
231 1010 430 1069 Deliberntiva
444 1009 548 1068 Leodii
562 1009 648 1068 Acta.

60 1107 222 1180 Qualitatis
235 1106 420 1183 Conjectura.

10 1264 15 1268 .
60 1206 215 1265 Discordia
228 1205 305 1262 inter
317 1224 384 1263 eum
399 1215 429 1263 et
443 1203 580 1263 Clerioos.

60 1301 273 1380 Apologeticus
287 1300 384 1360 Liber.

60 1401 109 1458 De
123 1399 235 1458 clericis
248 1399 303 1457 sibi
316 1398 481 1457 rebellibus.

60 1499 109 1556 De
123 1495 289 1564 Abbatiola
304 1497 336 1554 in
349 1516 407 1573 qua
419 1497 573 1555 Monachis
587 1495 715 1555 Clerioos
728 1497 943 1573 subrogaverat.

60 1597 110 1654 De
123 1606 218 1673 nuptu
233 1594 382 1670 cujusdam
396 1593 510 1652 illicito.

62 1691 205 1772 Epistola
220 1690 276 1749 v1.

62 1789 209 1867 Synodion
221 1787 259 1847 ad
273 1787 461 1866 Presbyteros
475 1807 534 1846 suoe
549 1785 722 1845 Dioeoeseos.

63 1887 142 1963 Ejus
155 1885 338 1944 Itinerarium
354 1883 476 1941 Romam
491 1884 597 1943 euntis.

63 1984 167 2042 Sermo
182 1983 207 2040 1.
228 1981 265 2040 de
279 1980 516 2058 Quadragcsima.

62 2081 175 2139 Contra
189 2079 424 2158 Reprehensorcs
436 2078 502 2155 ejus
515 2076 674 2136 Sermonis.

62 2179 219 2237 Sermones
232 2175 302 2233 Vll.

62 2275 208 2335 Assorus
222 2274 266 2332 II.
289 2272 429 2351 Episcopi
443 2271 644 2339 Vercelleusis,
659 2272 768 2352 Opera,
784 2272 845 2331 scil.

63 2371 241 2451 capitulare.

63 2467 197 2528 Libellus
210 2467 246 2526 de
261 2466 409 2525 Pressuris
422 2463 643 2525 Ecclesiastiois.

65 2564 208 2645 Epistolae
222 2563 280 2621 XI.
713 2621 716 2626 ¹

65 2664 169 2722 Sermo
203 2662 264 2720 sive
293 2659 453 2719 Sententia}
480 2660 670 2718 nummu
698 2679 715 2718 e
743 2660 890 2719 Monacho
918 2661 1056 2720 Beocensi

106 2755 324 2834 Archiepiscopi
339 2754 564 2814 cantuariensis.
1096 2777 1155 2833 442

65 2853 97 2913 S.
113 2851 265 2910 Ansunnr
290 2850 509 2930 Archiepisoopi
533 2851 760 2920 Cantuariensis,
786 2854 941 2913 Tractatns
964 2853 1056 2914 Asce-

104 2951 191 3009 ticus.
1096 2971 1155 3029 443

65 3050 168 3107 lssscr
192 3044 318 3104 nubatis
339 3043 448 3113 Stella,
469 3045 506 3104 de
527 3046 646 3104 canone
666 3047 766 3105 Missae
786 3047 921 3126 Epistola
945 3048 982 3108 sd
1002 3049 1057 3108 Jo-

106 3163 209 3203 annem
225 3141 401 3221 Episcopum
418 3141 626 3201 Pictavensem.
710 3141 714 3148 ’
1096 3167 1157 3226 449

67 3243 174 3301 Pnunr
189 3239 381 3307 Cunnsrssrs,
396 3238 520 3299 Abbatis
542 3239 573 3298 S.
583 3239 710 3319 Remigii
725 3241 886 3309 Remeusn,
903 3243 1057 3321 Tractatus

106 3338 144 3398 de
156 3335 319 3415 Disciplina
333 3335 497 3395 Claustrali.
1096 3357 1156 3418 452

67 3435 201 3495 Nrcouar
224 3452 267 3491 ns
291 3432 495 3493 emamus
522 3433 596 3493 liber
623 3434 660 3494 de
683 3434 790 3495 Studio
810 3436 997 3516 Theologioo‚
1020 3438 1058 3498 ad

108 3532 251 3590 Joannem
264 3530 302 3590 de
316 3530 507 3590 Pedemontio
522 3531 757 3592 Baccalanrenm.
1097 3554 1155 3613 473

68 3628 180 3708 Synodi
205 3626 438 3704 carthaginensis
461 3629 515 3686 sub
536 3628 689 3688 Bonifacio
714 3629 860 3710 Episcopo
883 3633 988 3692 habitae
1009 3653 1055 3691 an.

109 3743 207 3784 nxxv.
229 3723 326 3782 Sessio
340 3723 483 3782 Secunda.
1095 3731 1152 3804 481

69 3823 250 3901 Excerptum
277 3840 314 3879 ex
339 3821 469 3880 Concilio
493 3823 714 3901 Carthaginensi
735 3825 797 3882 Sub
818 3823 964 3903 Reparato
984 3826 1057 3905 Epi-

109 3940 196 3998 scopo
209 3917 307 3977 habito
315 3939 326 3989 ,·
347 3937 393 3977 an.
409 3937 528 3979 cxxxv.
1097 3925 1155 4001 485

69 4015 205 4095 Capitula
216 4016 387 4074 'Iunonum
401 4016 581 4096 Archiepisc.
597 4018 797 4078 cantuariens.
1098 4023 1158 4098 486

68 4113 205 4193 capitula
231 4112 337 4172 selecta
356 4133 393 4172 ex
414 4114 533 4194 antiqua
555 4115 705 4175 Canonum
728 4114 906 4176 Collectione
930 4117 1006 4177 foeta
1026 4118 1057 4177 in

110 4210 253 4270 Hibernia
266 4208 371 4267 soeculo
384 4210 498 4270 circiter
512 4211 603 4270 VIII.
1098 4237 1156 4294 492

68 4307 231 4368 Adnotatio
243 4308 280 4366 de
294 4307 428 4386 Synodis.
1099 4334 1155 4391 507

69 4405 190 4465 Statura
208 4403 338 4482 quadam
357 4403 811 4488 S.Bosmc11Arehiepisoopi
833 4409 1003 4488 liloguntini
1027 4422 1057 4469 et

111 4501 261 4579 Mmtyris.
1087 4507 1157 4568 ibid.
