2790 4958
245 323 305 385 let
519 322 684 388 Zacharia
698 321 884 387 Bibliotheca
898 321 1104 387 Praeterito.

246 577 344 653 Caput
359 574 413 631 VI.
429 573 607 653 Apocrypha
620 574 693 630 Acta
708 573 739 630 S.
750 572 879 631 Zenonis
893 570 1045 651 Episcopi.

246 671 344 749 Caput
358 669 433 728 VII.
449 668 655 727 Calendarium
670 668 855 727 Pistorieoce.

246 767 344 845 Caput
358 763 450 823 V111.
466 763 670 822 Calendarium
685 763 809 823 alterum
826 763 1010 822 Pistorieoee.

247 863 344 942 Caput
367 863 423 920 IX.
450 859 694 940 Martyrologium
722 859 837 919 Adonis
863 859 1081 940 Rosweydianoe
1108 858 1245 918 editionis

286 958 433 1018 conlatum
448 979 514 1017 cum
529 958 599 1016 MS.
615 957 724 1017 Codice
738 958 872 1016 Archivii
882 956 1068 1016 Pistoriensis
1083 955 1222 1032 Capituli.
1307 956 1346 1032 98

247 1058 343 1134 Caput
358 1055 398 1113 X.
411 1056 505 1114 Varia
527 1054 683 1114 Lectiones
703 1053 899 1132 Manuscripti
914 1053 1073 1112 Usuardini
1095 1052 1245 1132 Martyro-

288 1149 368 1228 logii,
382 1150 419 1208 ab
434 1148 569 1209 Usuardo
584 1148 622 1206 R.
636 1149 669 1207 P.
686 1148 812 1207 Sollerii.
1207 1152 1344 1225 137-163

592 1326 738 1390 Secunda
753 1328 835 1391 Pars
850 1327 991 1390 continet

250 1463 422 1541 catalogum
437 1462 658 1521 Pistoriensium
674 1463 867 1541 Scriptorum.
1289 1466 1326 1521 16
1328 1483 1344 1542 5

248 1560 447 1640 Appendicem
463 1559 639 1618 ineditorum
652 1560 804 1618 maximam
819 1572 931 1639 partem
946 1561 1217 1618 Monumentorum.
1288 1579 1346 1635 230

291 1688 356 1752 Sed
379 1709 450 1752 oum
472 1686 535 1751 ista
559 1688 771 1752 Monumenta
795 1689 901 1752 omnia
922 1689 965 1752 ad
987 1687 1163 1765 historiam,
1185 1696 1223 1754 ut
1244 1691 1345 1766 aiunt,

250 1789 440 1856 Literariam
454 1794 610 1875 spectant,
627 1788 762 1854 indicem
776 1791 901 1855 omitto.

731 2035 861 2107 XXV.

290 2186 387 2250 Anno
401 2209 529 2250 noocnv.
545 2187 650 2252 altera
664 2185 815 2252 collectio
829 2188 871 2252 ab
886 2190 998 2252 eodem
1013 2187 1185 2252 Fanumsco
1199 2187 1348 2251 Aureum

247 2291 409 2352 Zsonnnm
424 2290 512 2354 edita
526 2289 560 2352 in
574 2290 676 2353 lucem
690 2289 821 2373 prodiit,
859 2289 1028 2374 Inscriptio
1042 2290 1117 2355 talis
1131 2297 1199 2356 est:

245 2477 513 2548 Anecdotorum
532 2477 647 2548 Medii
664 2477 745 2547 AEvi
770 2479 963 2548 maximam
988 2487 1126 2571 purtem
1150 2502 1196 2549 ex
1217 2478 1347 2549 Archi-

323 2595 373 2664 vis
405 2592 676 2663 Pistoriensibus
709 2592 883 2663 Collectio
917 2617 939 2664 a
969 2593 1154 2665 Francisco
1184 2594 1346 2665 Antonio

321 2708 493 2778 Zacharia
519 2707 708 2778 Societatis
725 2708 749 2777 J
751 2732 822 2791 esu,
837 2733 932 2780 nunc
950 2709 1091 2780 Estensi
1109 2710 1346 2781 Bibliothecae

321 2823 506 2905 Praefecto,
528 2824 706 2893 edomata.
757 2821 951 2894 Adcedunt
975 2826 1004 2896 I.
1057 2826 1172 2896 Breve
1197 2826 1347 2896 Chroni-

321 2960 388 3007 con
423 2959 540 3005 rerum
581 2937 624 3006 ad
667 2936 863 3007 Historiam
903 2937 1056 3019 Sacram,
1091 2939 1346 3030 profanamque

320 3052 567 3144 spectantium,
602 3075 683 3144 quae
723 3053 761 3121 in
794 3050 991 3124 Anecdotis
1031 3055 1269 3124 continentur.
1294 3052 1344 3123 Π.

321 3167 437 3237 Series
472 3167 727 3260 Episcoporum
763 3167 1030 3239 Pistoriensium
1064 3191 1086 3238 a
1120 3168 1346 3239 Ferdinendo

321 3282 490 3375 Ughellio
531 3285 685 3375 primum
727 3291 905 3367 contexta,
944 3307 966 3353 a
1009 3283 1160 3354 Nicolao
1203 3283 1345 3355 Colatio

321 3399 448 3467 deinde
473 3397 732 3489 aliquantulum
757 3407 870 3482 aucta,
888 3423 982 3470 nuno
1005 3401 1050 3470 ab
1073 3401 1199 3470 eodem
1215 3400 1345 3471 horum

320 3512 587 3583 Anecdotorum
612 3516 747 3584 editore
773 3538 819 3584 ex
844 3515 900 3586 his
925 3517 1008 3608 ipsis
1029 3518 1269 3587 monumentis
1291 3541 1347 3588 re-

321 3631 456 3699 stituta.
499 3628 675 3722 Augustae
693 3630 925 3701 Taurinorum
946 3651 1104 3702 nocent.
1155 3631 1213 3702 Ex
1229 3631 1347 3727 Typo-

319 3744 465 3838 graphia
482 3745 604 3838 Regia.
657 3744 885 3839 Superiorum
906 3749 1088 3840 permissu.
1140 3748 1184 3818 In
1201 3753 1276 3819 cto.

377 3958 481 4021 Index
496 3956 651 4021 Olassium
665 3957 698 4020 in
713 3979 792 4041 quas
807 3957 977 4023 Anecdota
990 3959 1114 4025 tributa
1128 3967 1212 4026 sunt.

481 4104 562 4166 Pars
577 4102 697 4166 Prima.
735 4103 870 4168 Politice
886 4104 1104 4171 Monumenta.

246 4230 352 4290 Classis
371 4231 396 4288 Ι.
420 4230 549 4299 Statuta,
565 4231 687 4309 aliaque,
702 4233 807 4308 quibus
828 4233 995 4323 Italicarum
1019 4235 1141 4294 Urbium
1164 4238 1240 4316 regi.

285 4349 351 4386 rnen
366 4327 462 4386 medio
477 4347 539 4385 sevo
553 4328 727 4404 continetur.
1235 4336 1308 4414 Pag,
1327 4358 1338 4395 1
