2790 4958
422 304 514 369 Poste
538 304 708 368 Tlaaaras
728 303 960 368 Arsamosata.
1197 303 1240 364 25

184 476 285 535 diuum
310 485 340 534 et
362 474 607 534 Monasteriorum
632 473 755 533 eruditis
774 472 867 541 Viris,
887 493 1011 551 quorum
1035 471 1153 530 nomina
1179 475 1240 534 suis

183 592 305 650 qunque
332 571 480 650 opusculis
507 571 625 650 praelixa
652 582 731 630 sunt.
774 573 848 628 Cum
877 590 1018 631 consensu
1045 571 1238 651 superiorum.

183 670 327 747 Augustae
349 668 570 728 Vindelicorum
599 680 629 727 et
652 667 768 727 Groecii.
813 667 986 747 Sumptibus
1008 667 1138 748 Philippi
1158 671 1240 729 Mar-

184 767 249 834 tini,
264 778 294 826 et
308 767 431 826 Joannis
443 767 534 826 Veitb
551 766 696 824 Fratrum.
738 763 828 823 Anno
846 779 930 839 ¹72¹·

556 1003 733 1075 TOMUS
768 1003 818 1072 ΙΙ.

599 1203 719 1265 PARS
752 1203 779 1264 I.

141 1358 329 1417 B.F1.ncc11
354 1356 499 1415 Aucuusr
522 1354 706 1434 Opusculum
731 1354 767 1413 de
784 1353 1007 1432 Comparatione
1023 1353 1137 1412 Veteris

183 1466 213 1514 et
228 1455 307 1512 Novi
322 1453 502 1512 Testamenti
524 1452 684 1510 aDenario
704 1471 798 1529 usque
818 1450 853 1509 ad
870 1451 980 1519 Unum,
995 1452 1049 1510 &c
1068 1471 1134 1510 cum

183 1549 326 1630 Epistolis
338 1549 412 1608 Vll.
428 1548 465 1607 ad
478 1547 628 1607 Arnonem
643 1547 783 1626 Archiep.
796 1546 947 1624 Salzburg.
1138 1547 1202 1608 Col.
1221 1569 1233 1606 1

142 1648 174 1706 S.
189 1647 391 1706 Woarosscr
406 1647 460 1724 Ep.
475 1644 628 1723 Ratispon.
645 1643 828 1723 Paraphrasis
842 1643 950 1701 Psalmi
965 1643 985 1700 l.
1201 1665 1236 1721 13

142 1744 298 1803 Ebusum
312 1762 355 1801 ua
370 1744 493 1801 Lsrruo
506 1742 584 1801 Abb.
602 1741 749 1801 Patrensis
764 1740 950 1819 Paraphrasis
965 1741 1015 1800 Ps.
1030 1741 1081 1799 xii.
1200 1760 1236 1821 23

141 1843 340 1901 Wnusunrm
366 1842 549 1901 Srnsuours
575 1839 717 1918 Augiens.
741 1838 866 1898 Abbatis
890 1838 962 1897 Ord.
985 1839 1016 1898 S.
1037 1840 1112 1899 Ben.

185 1940 316 1999 Humilia
330 1939 367 1998 de
379 1937 556 2015 Genealogia
565 1936 687 1995 Christi.
1196 1956 1232 2011 4¹

142 2038 346 2097 Tunononrcr
365 2034 504 2094 Canonici
526 2032 787 2092 Paterbrunneusis
809 2052 885 2090 anno
906 2051 1033 2092 uuxxx.
1048 2034 1136 2092 Com.

183 2135 323 2193 mentatio
337 2134 367 2191 in
383 2132 552 2192 Orationem
568 2130 762 2189 Dominicam.
1197 2150 1237 2210 59

142 2231 290 2290 Houonu
304 2229 515 2309 Augustodun.
532 2227 569 2286 O.
582 2227 613 2286 S.
626 2227 663 2284 B.
678 2227 753 2285 circa
766 2245 865 2286 mcxx.
877 2227 1075 2287 Hexameron.
1199 2245 1234 2305 71

142 2329 225 2387 Idem
239 2328 275 2387 de
289 2328 332 2388 X.
346 2326 439 2406 plagis
453 2325 573 2405 AEgypti
588 2323 787 2403 spiritualiter.
1196 2346 1242 2404 91.

142 2425 224 2484 Idem
238 2425 269 2482 iu
285 2423 415 2483 Psalmos
429 2420 559 2481 selectos.
1197 2438 1235 2499 97

141 2521 282 2601 I‘Jy'usdcm
297 2520 381 2580 Scala
395 2518 467 2578 Coeli
481 2518 586 2596 Major.
988 2536 990 2540 ·
1181 2540 1190 2577 ι
1197 2535 1236 2596 57

142 2619 281 2698 Ejusdem
298 2617 381 2677 Scala
395 2615 469 2674 Coeli
485 2615 595 2672 Minor.
1180 2632 1233 2692 171

142 2714 282 2794 Ejusdem
298 2714 418 2773 Summa
431 2711 533 2770 Gloria
547 2709 582 2768 de
596 2708 769 2788 Apostolico
784 2720 814 2768 et
828 2708 976 2789 Augusto.
1181 2729 1238 2790 179

141 2811 282 2890 &uadem
297 2810 385 2868 Liber
399 2806 473 2866 Xll.
488 2806 702 2878 Quaestionum.
1179 2827 1232 2868 201

144 2907 283 2986 Ejusdem
296 2905 428 2964 Libellus
442 2904 534 2963 Vlll.
550 2903 662 2974 Quaest.
679 2902 715 2961 de
729 2902 846 2980 Angelo
860 2914 890 2962 et
906 2903 1044 2964 Homine.
1179 2924 1235 2984 215

142 3005 282 3084 Ejusdem
296 3001 428 3061 Libellus
442 3000 479 3059 de
493 2998 609 3057 Animae
623 2998 725 3057 Exilio
739 3010 769 3058 et
784 2999 890 3060 Patria.
1179 3005 1237 3063 228

142 3100 283 3180 Jijusdem
300 3097 429 3157 Libellus
442 3096 479 3156 de
492 3097 584 3155 libero
598 3094 740 3155 Arbitrio.
1180 3116 1237 3175 237

143 3197 282 3275 Ejusdem
298 3190 588 3255 Sacramentarium.'
1180 3213 1238 3273 249

143 3291 283 3370 Ejusdem
297 3288 504 3348 Eucharistiou
519 3307 570 3346 seu
582 3288 647 3345 Lib.
663 3288 699 3347 de
714 3287 802 3365 Corp.
818 3299 848 3348 et
862 3289 951 3368 Ssng.
965 3289 1095 3348 Domini.
1178 3307 1238 3366 349

143 3387 226 3445 Idem
240 3387 276 3446 de
291 3386 363 3446 Vita
377 3384 534 3444 claustrali.
1178 3387 1236 3463 363

143 3484 326 3542 Inrsrresrr
341 3481 466 3542 Abbatis
480 3481 689 3540 Admontensis
703 3482 776 3542 Ord.
793 3484 825 3543 S.
841 3484 917 3543 Bon.
932 3503 977 3542 an.
993 3501 1134 3542 srcuxxv.

184 3579 417 3638 Commentarius
431 3577 615 3656 Allegoricus
627 3579 657 3636 in
673 3578 794 3638 Cantica
807 3580 920 3640 Cautio.
1178 3580 1238 3654 369

144 3677 284 3756 Ejusdem
296 3676 386 3735 Liber
400 3676 436 3735 (le
449 3696 475 3734 x.
490 3676 637 3735 Oueribus
653 3676 745 3734 Isaiae.
1177 3692 1236 3751 427

143 3774 271 3833 Tuomst
286 3772 411 3833 Abbatis
425 3772 616 3831 Vercellensis
629 3772 667 3830 ad
682 3773 712 3832 S.
724 3760 872 3832 Andream
889 3774 960 3833 Ord.
976 3773 1047 3831 Can.
1063 3774 1136 3851 Reg.

185 3870 216 3929 S.
229 3869 309 3948 Aug.
324 3868 557 3928 Commentarius
571 3869 778 3928 Hierarchicus
792 3869 822 3927 iu
837 3871 958 3928 Cantica
972 3868 1085 3927 Cautio.
1179 3883 1236 3945 503

588 4084 708 4148 PARS
740 4085 791 4148 Il.
905 4094 907 4099 '

141 4192 317 4296 Mixasru
334 4234 509 4294 Patriarchoe
522 4190 721 4311 Aouileiensis
735 4236 870 4316 Epistola
884 4237 921 4296 de
939 4201 1045 4296 ritibus
1060 4236 1139 4315 Bap·
1221 4278 1224 4283 .

143 4392 146 4401 ,
184 4332 262 4393 tismi
277 4331 314 4390 ad
328 4330 466 4390 Carolum
481 4329 633 4408 Magnum.
874 4381 876 4385 .
1226 4347 1236 4386 ι
