2790 4958
235 269 279 352 3²2
378 295 382 303 '
585 288 686 371 Wolfio?
700 289 856 352 Amodata
873 291 990 352 Graeca.

309 464 347 527 et
382 456 509 527 Felicis
552 454 681 528 Mariae
717 456 987 551 Wirtenherger
1025 458 1110 529 Ord.
1146 457 1244 528 Serv.
1284 450 1332 530 B.'

204 621 211 634 .
309 569 435 642 Mariae
465 572 567 665 Virg.
595 573 871 642 Contionatoris.
923 572 1097 668 Augustae
1122 571 1331 646 Vindelico·

307 708 386 756 rum
421 695 458 756 et
486 685 624 768 Graeoii,
656 685 864 779 Sumptihus
893 686 1056 759 Fratrum
1087 688 1211 772 Veith,
1236 712 1330 761 anno

309 816 585 869 Muccxxvm.

324 991 509 1075 Insequenti
523 1012 607 1055 anno
623 990 739 1054 Tomos
753 990 812 1055 hos
827 992 966 1077 quinque
981 950 1099 1057 Sextus
1113 993 1249 1078 axoepit.

233 1181 356 1251 Codex
392 1177 1065 1272 Diplomatieo-Historiao-Epistolaris,
1099 1205 1169 1273 quo
1204 1180 1330 1273 Diplo-

306 1306 413 1380 mata,
432 1296 584 1378 Chartae,
611 1294 794 1387 Epistolae,
819 1295 1033 1389 Fragmenta
1057 1295 1329 1388 Opuseulorum,

307 1412 507 1505 Epitaphia,
542 1420 579 1482 et
620 1409 689 1480 alia
722 1412 757 1480 id
795 1433 907 1504 genus
941 1421 1061 1482 vetera
1098 1422 1331 1483 monumenta

307 1525 522 1598 Pontificum
546 1525 651 1596 Rom.
669 1525 1036 1619 Archiepisooporum,
1061 1527 1328 1619 Episcoporum

306 1642 501 1725 Abhatum,
549 1641 818 1734 Imperatorum,
866 1641 1018 1736 Regum,
1067 1642 1328 1726 Marehionum,

306 1758 460 1841 Ducum,
482 1758 674 1840 Comitum,
696 1756 915 1850 aliorumque
942 1757 1140 1829 Illustrium
1158 1758 1329 1830 Virorum

305 1898 327 1946 a
353 1874 483 1946 Seoulo
509 1873 641 1944 Christi
668 1873 803 1957 Quinto
829 1896 942 1964 usque
968 1875 1014 1944 ad
1038 1873 1228 1944 Decimum
1254 1875 1329 1945 fere

307 1989 460 2060 Sextum
478 1989 713 2071 eontinentur,
725 1989 905 2079 totiusque
921 2011 1013 2080 pene
1031 1988 1184 2081 Europae
1203 1987 1329 2059 Histo-

305 2106 357 2174 ria
399 2103 603 2174 illustratur.
645 2103 842 2192 *Prodeunt
883 2125 977 2173 nuno
1017 2105 1135 2174 omnia
1172 2104 1329 2196 primum

306 2227 385 2289 tum
403 2220 559 2310 junctim
585 2241 666 2288 oum
693 2217 835 2310 reliquis
862 2218 1031 2288 Thesauri
1058 2218 1328 2289 Aneedotorum

307 2333 500 2405 Novissimi
534 2333 664 2415 Tomis,
699 2356 848 2425 quorum
892 2334 950 2405 hio
983 2335 1116 2405 Sextus
1148 2343 1213 2416 est,
1248 2343 1328 2405 tum

305 2451 414 2521 etiam
452 2451 640 2543 separatim
680 2473 727 2519 ex
762 2449 989 2521 Diversarum
1024 2451 1336 2521 Bibliotheoarum·

258 2634 261 2639 .
307 2565 417 2636 MSS.
436 2566 548 2636 Codd.
578 2572 616 2634 et
642 2563 879 2634 Arohivorum
907 2565 1139 2648 Membranis,
1157 2588 1264 2656 opera
1288 2574 1328 2637 et

304 2683 421 2752 studio
448 2680 527 2751 RR.
550 2679 622 2749 ΡΡ.
646 2680 816 2750 Bernardi
842 2680 924 2763 Pez,
948 2682 1172 2752 Benedictini
1202 2690 1239 2751 et
1266 2682 1328 2751 Bi-

304 2796 524 2867 bliotheoarii
543 2794 772 2876 Mellioensis,
791 2803 828 2864 et
851 2795 1037 2866 Philiberti
1065 2795 1221 2879 Hueber,
1240 2797 1328 2866 dum

305 2913 449 2992 viveret,
476 2909 675 2980 Archivarii
703 2911 828 2980 itidem
857 2910 993 2981 Meilio.
1019 2909 1196 3004 Augustae
1214 2911 1326 2983 Vind.

295 3034 343 3100 et
374 3025 515 3107 Graeoii,
543 3023 752 3116 Sumptibus
778 3024 943 3095 Fratrum
964 3025 1202 3108 Veithiorum,
1232 3049 1327 3096 anno

305 3158 547 3211 mnecxxlx.

732 3290 820 3362 VII.

272 3450 382 3536 Neque
397 3451 481 3516 inter
496 3452 719 3516 Protestantes
742 3452 909 3516 defuerunt
932 3452 986 3536 qui
1000 3452 1138 3516 virorum
1158 3453 1326 3537 doctorum

228 3552 326 3616 saeris
355 3553 507 3618 Romanae
537 3553 687 3617 Eoolesiae
720 3553 921 3617 addiatorum
954 3554 1078 3619 labores
1111 3554 1324 3619 imitarentur.

229 3655 356 3720 Primus
378 3667 455 3720 ante
480 3677 589 3720 omnes
614 3654 705 3718 nobis
735 3677 768 3719 se
794 3655 886 3720 offert
908 3658 1050 3718 Joaurras
1076 3642 1326 3720 Oamsroarioaus

229 3756 388 3835 Wonrrns,
402 3756 677 3842 Hamburgensis3
702 3756 756 3840 qui
772 3757 927 3821 Amodata
947 3758 1094 3841 quadam
1110 3759 1220 3822 area
1238 3761 1326 3843 apud

227 3859 331 3923 varias
344 3859 552 3923 bibliotheoas
566 3859 721 3923 haetenus
735 3858 871 3923 latentia
884 3859 1001 3942 publioi
1013 3859 1095 3943 juris
1108 3858 1194 3938 feeit,
1203 3880 1242 3924 ao
1257 3882 1323 3925 suae

227 3960 403 4024 oolleotioni
416 3960 501 4024 huno
516 3959 647 4024 titulum
661 3960 816 4045 praefixit:

226 4113 415 4188 Aneodota
432 4116 565 4198 Graeca,
585 4115 692 4187 Saura
709 4127 747 4187 et
765 4117 927 4200 Profana,
940 4140 990 4223 ex
1003 4117 1197 4188 ¹Codioibus
1214 4140 1323 4188 manu

300 4231 453 4300 exaratis
487 4252 581 4299 nuno
614 4231 769 4322 primum
806 4231 843 4299 in
877 4227 995 4300 lucem
1029 4231 1134 4312 edito,
1162 4230 1322 4299 versione

301 4345 430 4415 Latina
446 4344 585 4426 donata,
604 4353 641 4415 et
658 4348 751 4417 notis
768 4345 943 4417 illustrata
960 4370 981 4416 a
997 4346 1021 4416 J
1023 4370 1054 4417 o.
1069 4344 1321 4437 christophoro
