2790 4958
148 298 211 363 162
442 295 570 359 Bolnzii
583 305 609 359 ot
623 296 732 358 Manat
746 295 954 359 Miscelloaco.

1192 467 1213 514 P
1248 502 1254 514 .

149 553 222 612 Vita
236 550 345 610 Severi.
1192 482 1255 623 iili

151 649 250 707 Mansi
279 646 468 705 Praemonitio
496 645 532 703 ad
557 645 753 703 Monumenta
778 644 926 703 Historica
959 643 1067 703 Saeculi
1091 645 1150 705 XI.

192 744 268 803 XII.
1194 759 1254 817 429

153 843 178 900 1.
194 841 358 899 chronicon
373 841 479 898 Breve.
1181 837 1254 897 ibid.

154 939 196 996 II.
212 937 377 995 Chronicon
391 936 481 994 aliud.
1194 952 1255 1009 430

154 1034 216 1092 111.
230 1034 380 1112 Excerpta
394 1053 431 1091 ex
446 1031 623 1108 Necrologio
637 1032 764 1089 Lucensi
779 1030 884 1088 Saeeuli
900 1030 974 1087 XII.
1196 1047 1249 1105 431

154 1131 211 1190 1v.
228 1131 363 1210 Epistola
376 1129 575 1187 Anuxnnnnr
591 1129 651 1186 111.
666 1128 702 1186 ad
718 1129 767 1186 W.
782 1126 908 1186 electum
923 1127 1084 1184 Lucanum.
1195 1145 1253 1201 43²

154 1227 194 1286 V.
211 1227 375 1284 Chronicon
391 1226 478 1283 breve
494 1223 805 1303 Hierosolymitanum.
1182 1224 1254 1282 ibid.

155 1324 211 1382 VI.
227 1322 320 1382 Aliud
335 1323 502 1379 Chronicon
516 1322 612 1379 breve.
1182 1320 1255 1379 ibid.

155 1421 253 1479 Mansi
270 1420 457 1477 Praemonitio
471 1419 501 1476 in
517 1429 685 1494 sequentem
701 1416 822 1474 Frctelli
836 1416 994 1476 Libellum.
1195 1436 1256 1492 434

154 1518 243 1576 Liber
257 1519 402 1576 Locorum
418 1517 591 1575 Sanctorum
607 1517 705 1574 Terrae
719 1515 892 1574 Jerusalem.
1195 1533 1254 1591 435

155 1615 284 1673 Nomina
298 1615 519 1694 Episcoporum‚
535 1613 584 1689 qui
600 1613 721 1671 fuerunt
735 1613 767 1669 iu
777 1611 938 1671 Jerusalem
954 1623 1109 1690 antequam
1123 1623 1153 1672 et

195 1722 382 1790 posteaquam
403 1722 479 1770 esset
495 1710 720 1779 Patriarchatus,
736 1719 765 1767 et
781 1709 1014 1767 Patriarcbarum
1034 1709 1152 1768 Jeroso·

196 1808 403 1888 lymitanorum
417 1808 599 1866 Latinorum.
1194 1825 1257 1880 440

155 1905 334 1964 Mahometis
349 1903 534 1982 Genealogia.
1184 1903 1255 1962 ibid.

157 2003 204 2060 De
219 2001 348 2059 Denario
363 2000 400 2058 B.
417 2001 508 2066 Petri,
526 2010 555 2058 et
570 1999 605 2058 de
619 1999 717 2057 valore
731 1998 908 2057 diversarum
928 2001 1126 2060 Monetarum.
1196 2019 1252 2074 441

157 2099 288 2158 Cassatio
303 2098 488 2157 Statutorum
504 2109 604 2156 contra
619 2097 853 2156 Ecclesiasticam
868 2099 1058 2171 Libertatem,
1068 2120 1155 2177 quam

199 2195 371 2254 Fredericus
387 2194 539 2253 Secundus
554 2195 629 2274 Imp.
645 2195 724 2253 fecit.
1185 2193 1257 2253 ibid.

156 2293 254 2354 Mansi
269 2291 466 2349 Praemonitio.
1185 2292 1258 2351 ibid.

157 2392 204 2449 De
218 2389 319 2447 multis
334 2398 364 2446 et
378 2386 555 2447 solemnibus
568 2389 653 2448 factis
668 2402 697 2448 et
711 2389 809 2448 arduis
824 2389 879 2447 SS.
896 2389 1082 2449 Pontificum.
1185 2389 1257 2449 ibid.

157 2489 232 2546 Jura
256 2485 394 2544 Ecclesiae
420 2485 614 2545 Sacrosanctae
636 2487 783 2556 Romanae,
807 2508 871 2564 quae
890 2487 978 2547 habet
998 2489 1029 2545 in
1051 2488 1156 2566 Regno

199 2584 337 2652 Poloniae,
352 2604 405 2662 pro
419 2583 537 2642 denario
552 2585 589 2642 B.
602 2584 684 2642 Petri
699 2594 729 2642 et
743 2584 816 2642 aliis.
1197 2602 1257 2660 443

158 2683 235 2740 Aliae
249 2681 357 2739 Literae
376 2681 465 2758 Regis
480 2680 611 2738 Poloniae
628 2701 694 2739 cum
710 2681 885 2741 Transuntis
905 2681 1086 2740 diversorum
1104 2681 1156 2739 In.

198 2789 436 2837 strumentorum.

159 2875 314 2934 Ordinatio
328 2873 364 2932 de
380 2874 519 2933 Ecclesiis
533 2875 701 2934 vacantibus
718 2875 762 2934 bis
776 2876 853 2934 iufra
867 2896 974 2934 annum
990 2877 1067 2934 facta
1080 2885 1155 2934 tern-

198 2992 269 3050 pore
299 2970 339 3030 1).
363 2971 506 3030 Johannis
534 2972 623 3051 Papae
649 2991 732 3032 xxrr.
761 2993 849 3051 super
876 2972 995 3031 servitio
1028 2972 1157 3031 Camerae

199 3069 376 3149 Apostolicae
391 3068 591 3147 persolvendo.

159 3167 259 3227 Menai
273 3166 470 3224 Praemonitio.

161 3264 283 3322 Canonr
300 3262 357 3321 VI.
373 3262 463 3340 Regis
478 3263 655 3321 Francorum
671 3263 779 3322 Literae
798 3263 835 3321 ad
849 3263 1063 3322 Bononiensem
1079 3264 1158 3322 Aca-

200 3361 323 3420 demiam
338 3359 374 3418 de
389 3358 518 3417 tollendo
534 3359 695 3418 Schismate
709 3360 763 3417 sub
778 3359 898 3417 Urbano
912 3360 965 3417 VI.

160 3457 324 3516 Chronicon
340 3456 478 3513 Pisanum
493 3456 528 3513 ab
544 3455 624 3513 Urbe
638 3455 754 3514 condita
765 3454 801 3513 ad
813 3475 919 3513 annum
938 3473 1022 3529 1342.
1033 3456 1069 3513 ab
1081 3456 1156 3515 Arro-

201 3574 282 3633 nymo
299 3552 395 3610 Coaeuo
410 3552 549 3630 scriptum
565 3551 676 3610 Italiae.
1200 3556 1260 3628 448

159 3649 323 3709 Chronicon
352 3649 563 3706 Saminiatense
589 3668 681 3724 usque
716 3648 752 3705 ad
781 3669 889 3706 annum
921 3648 1007 3724 1318.
1036 3648 1157 3708 Italica:

205 3748 370 3806 Troncnnto
384 3745 411 3802 d'
423 3748 525 3802 abone
545 3764 607 3802 cose
622 3743 739 3801 notabili
752 3744 828 3802 dello
847 3745 940 3802 Terra
956 3746 986 3803 di
1001 3745 1160 3804 Saminioto

200 3844 314 3926 quatrale
328 3863 378 3900 era
393 3845 421 3899 in
437 3839 564 3899 Liberti.
1202 3846 1261 3920 456

160 3944 298 4002 Niconnr
315 3937 400 3996 Card.
416 3936 558 4015 Aragonii
573 3937 728 3996 Tractatus
748 3937 784 3996 de
800 3938 1005 4015 jurisdictione
1020 3939 1159 3998 Ecclesia

202 4056 289 4117 super
304 4035 438 4112 Regnum
453 4032 571 4112 Apuliae
584 4044 614 4091 et
630 4033 744 4092 Siciliae.
1201 4039 1260 4112 468

164 4136 300 4195 Niconnr
314 4131 449 4188 S'rrzzrm
464 4129 598 4188 Historia
609 4129 722 4207 Regum
740 4129 845 4187 Siciliae
860 4131 896 4188 ab
910 4151 986 4188 anno
999 4132 1060 4190 fere
1073 4147 1161 4209 1050.

203 4229 241 4288 ad
254 4247 361 4284 anuum
375 4243 459 4302 1571.
1201 4247 1260 4305 473

164 4325 263 4387 Mausi
278 4323 474 4381 Praemouitio.
1201 4344 1262 4403 479
