2790 4958
327 312 468 377 Mansa
488 321 515 375 et
536 307 676 375 Daracd
695 310 896 396 Acph'asc'mc
914 309 1060 372 Oolbctio.
1200 311 1240 376 91

565 594 730 657 TOMUS
754 593 826 657 111.

191 737 233 799 In
256 757 320 820 quo
340 735 552 813 continentur,
573 736 729 797 Auaaosn
747 733 1003 798 Offlsnnunnnsrs
1025 731 1144 796 ordinis
1166 755 1245 816 prae-

145 837 245 921 positi
257 836 414 922 generalis
434 835 640 920 epistolarum
661 834 734 897 libri
750 836 835 898 XX.
865 833 1074 897 Praefationes
1095 833 1127 895 in
1142 833 1245 896 varias

145 938 374 1003 translationes
395 938 435 1000 de
451 938 564 1001 Graeco
579 937 612 999 in
628 936 782 1000 Latinum
804 937 846 1000 ab
868 958 907 999 eo
928 935 1040 1014 factas,
1059 941 1093 999 et
1107 935 1246 998 virorum

146 1041 346 1105 eruditorum
359 1041 402 1104 ad
423 1060 496 1103 eum
517 1038 667 1123 epistolae.
712 1037 852 1101 Ansssrr
867 1037 1112 1102 Ssarnrsnnnsrs
1127 1037 1246 1100 ordinis

148 1143 314 1207 Minorum
341 1141 450 1205 vicarii
479 1140 635 1226 generalis
663 1145 697 1204 et
720 1141 919 1224 quorundam
943 1139 1077 1203 aliorum
1103 1138 1245 1223 epistolae

147 1245 284 1310 selectae.
332 1246 432 1308 Pmm
468 1244 626 1307 Duarnnn
663 1241 912 1306 Gamaldulensis
949 1241 1068 1305 ordinis
1104 1240 1245 1325 epistolae

146 1346 315 1412 GOXLII.
368 1347 493 1408 AEemn
521 1347 741 1423 Vnnasrnnsrs,
773 1344 897 1407 Treoua
927 1344 1064 1422 Worsm,
1089 1349 1123 1407 et
1148 1344 1245 1406 Parui

147 1447 290 1512 Omoonn
305 1446 451 1530 quaedam
466 1444 617 1530 epistolae,
633 1466 717 1508 anno
732 1444 843 1508 eodem
856 1443 984 1527 prodiit.

574 1662 737 1726 TOMUS
762 1662 820 1725 IV.

193 1813 414 1899 Complectens
437 1813 543 1898 plures
568 1813 747 1898 Scriptores
773 1811 954 1878 Historicos
983 1813 1023 1876 de
1048 1814 1143 1878 rebus
1167 1837 1247 1900 prse-

150 1916 262 1980 sertim
279 1917 476 1994 Gccmcc‘cc'a
492 1937 626 2000 quorum
645 1916 741 1979 index
755 1915 888 2001 paginas
909 1922 975 1979 tres
997 1916 1142 2000 complet,
1163 1939 1248 1981 anno

151 2041 319 2082 nnccxxrx.
333 2017 436 2082 lucem
451 2018 609 2104 publicam
623 2016 779 2103 adspexit.

583 2219 747 2283 TOMUS
773 2220 809 2283 V.

195 2339 415 2435 Complectens
444 2350 550 2436 plures
578 2350 749 2436 scriptores
773 2351 954 2416 Historicos
981 2353 1021 2416 de
1049 2353 1144 2417 rebus
1168 2375 1248 2439 pree

151 2451 264 2516 sertim
300 2452 440 2532 Gallicis,
473 2452 626 2538 Anglicis,
661 2454 791 2534 Italicis,
822 2454 1182 2542 Constantinopolitanis
1214 2463 1248 2520 et

151 2556 412 2637 Terrae-Sancta,
428 2579 512 2623 anno
534 2580 704 2623 mxxix.
725 2558 854 2644 prodiit.

381 2743 484 2806 Iudex
503 2749 725 2808 contentorum
742 2742 775 2806 in
792 2742 853 2806 hoc
868 2742 969 2806 Tomo
984 2743 1022 2806 V.

152 2895 328 2953 Lfflannrr
344 2896 445 2954 Psavr
462 2895 632 2955 Leodiensis
647 2896 678 2953 S.
688 2896 791 2973 Jacobi
805 2896 937 2955 monachi
959 2896 1114 2955 chronicon
1132 2916 1150 2954 a

195 2991 323 3051 Reinero
336 2992 465 3070 ejusdem
481 2993 603 3051 coenobii
618 3003 712 3051 asceta
725 2994 936 3051 continuatum.
1148 2993 1217 3073 Pag.
1234 3015 1244 3052 1

153 3088 320 3148 Chronicon
345 3091 507 3148 Coruum
530 3091 700 3148 Zsmrnrar
722 3089 754 3148 S.
771 3088 874 3147 Jacobi
896 3088 1066 3148 Leodiensis
1085 3110 1148 3148 mo·

195 3185 280 3243 nechi
294 3186 330 3245 ab
343 3206 419 3243 anno
432 3203 573 3245 ncoxxx.
589 3186 625 3244 ud
639 3203 805 3245 necocnxr.
1209 3190 1247 3263 67
1268 3189 1271 3196 '

155 3283 252 3341 Breve
266 3282 420 3340 chronicon
436 3282 602 3341 Bremense.
1188 3302 1249 3359 504

155 3378 357 3436 sexenium
385 3379 496 3436 abbatis
523 3378 711 3455 Uraugieusis
737 3377 854 3436 libellus
887 3377 923 3436 de
956 3379 1141 3456 expeditione

195 3472 446 3553 lerosolymitana.
1192 3497 1248 3554 507

154 3569 290 3648 Epistola
304 3569 324 3627 J
326 3569 621 3649 erosolymitanorum.
1191 3592 1247 3650 535

155 3667 261 3727 Brevis
273 3667 399 3725 namatio
412 3666 482 3726 belli
496 3667 576 3726 sacri.
1191 3674 1250 3746 536

154 3763 268 3822 Versus
282 3762 318 3821 de
333 3763 398 3822 viris
418 3762 581 3822 illustribus
600 3763 732 3823 dioecesis
746 3764 938 3822 Tervanensis
954 3765 1005 3841 qui
1022 3764 1053 3822 in
1072 3785 1150 3823 sacra

196 3858 381 3937 expeditione
394 3858 486 3916 fuere.
1191 3878 1251 3941 539

154 3956 330 4013 Lomentum
350 3953 535 4033 lacrymabile
556 3975 643 4033 super
657 3954 701 4013 his
715 3954 765 4032 qui
786 3955 817 4011 in
836 3953 1019 4032 expeditione
1032 3954 1151 4014 Jeroso·

196 4049 336 4129 lymitana
360 4050 480 4109 diversis
501 4051 641 4109 mortibus
659 4050 741 4128 justo
762 4049 888 4127 quidem,
911 4050 961 4108 sed
986 4050 1100 4109 occulto
1121 4064 1151 4111 et

197 4146 376 4205 inscrutabili
392 4147 449 4205 Dei
459 4146 572 4224 judicio
585 4147 769 4205 interierunt.
1194 4171 1252 4227 540

156 4242 322 4302 chronicon
351 4243 570 4302 Terra-sancta
604 4253 722 4302 auctore
751 4243 906 4301 ffluunro
937 4246 1149 4304 Couessnsnn

198 4339 306 4397 ordinis
320 4339 518 4398 Cisterciensis
530 4339 642 4398 abbate.
1194 4363 1252 4421 544
