2790 4958
160 317 204 380 38
431 316 585 384 samua
614 316 780 380 Viodemiae
800 318 974 383 literaria.

192 484 250 542 XI.
272 485 395 543 Notitioe
409 486 581 545 Monasterii
596 485 934 545 Omnium-Sanctorum.

174 581 249 639 XII.
272 581 388 640 Rudera
401 580 592 640 Abbatiarum
606 581 897 642 Alba-Domiuorum
911 593 941 643 et
955 583 1036 643 Alba
1045 584 1248 643 Domlnarum.

163 677 250 736 XIII.
272 677 445 758 Anonymus
465 678 501 737 de
515 679 637 758 Origine
658 690 689 739 et
702 680 866 739 Abbatibus
880 680 1013 741 Coenobii
1035 679 1066 741 S.
1077 681 1200 742 Joaunis
1216 682 1249 740 in

325 775 495 854 Rhiugavia.

163 872 251 931 XIV.
272 871 444 932 Dotationes
459 873 590 932 coenobii
605 873 635 932 S.
645 873 726 933 Petri
740 874 771 932 iu
785 874 962 953 Nigrasilva.

178 969 250 1029 XV.
272 970 478 1049 Neorologium
493 969 628 1029 Abbatiae
642 970 883 1032 Lucida-Vallis.

163 1066 250 1125 XVI.
273 1066 440 1147 Diplomata
453 1078 484 1126 et
498 1066 638 1147 Epistola
652 1068 746 1127 variae.

164 1247 315 1320 Accedit
337 1248 553 1341 Conspectus
573 1248 694 1319 Trium
711 1248 1043 1321 vetustissimorum
1063 1250 1247 1335 Codicum,

236 1388 282 1434 ex
302 1364 372 1435 illis
397 1388 483 1458 quos
507 1367 545 1434 in
569 1365 644 1457 ipso
662 1363 826 1458 Martyrii
843 1365 988 1459 Campe,
1002 1367 1063 1436 ubi
1087 1365 1123 1438 S.
1138 1368 1248 1438 Boni-

236 1482 344 1552 facius
361 1481 655 1574 Archiepiscopus
681 1504 762 1551 cum
789 1483 891 1553 sociis
911 1482 1061 1576 gloriose
1081 1485 1245 1568 occubiit,

235 1620 359 1669 manus
378 1597 537 1669 fidelium
561 1596 827 1691 recollegerunt,
845 1622 886 1668 ao
902 1600 940 1668 in
956 1601 1144 1671 sacrarium
1162 1599 1247 1671 Ful-

236 1715 342 1784 dense
371 1717 610 1808 deportarunt.
658 1713 749 1784 Cum
778 1714 854 1808 Fig.
880 1716 1000 1785 aeueis,
1053 1715 1177 1786 Fuldae
1208 1725 1246 1787 et

236 1829 372 1922 Lipsiae,
393 1833 485 1923 apud
512 1830 722 1901 Mauritium
746 1829 938 1925 Georgium
955 1830 1245 1915 Weidmannum‚

236 1945 313 2016 Sao.
340 1947 429 2041 Reg.
454 1947 529 2016 Pol.
553 1946 696 2038 Majest.
722 1954 760 2016 et
785 1945 898 2017 Eleot.
917 1945 1047 2017 Saron.
1065 1946 1246 2040 Bibliopo-

233 2061 315 2137 lam.
345 2064 449 2156 Typis
477 2063 533 2132 Jo.
556 2062 667 2132 Henr.
694 2061 950 2146 Kiiste1i‚suae
980 2063 1072 2135 Cels.
1093 2063 1244 2159 Typogr.

233 2199 453 2250 unccxxur.
481 2178 573 2249 Cum
591 2177 768 2250 Permissu
785 2178 1119 2271 Superiorum.-Iu
1135 2179 1231 2252 folio.

204 2375 384 2460 Insequenti
414 2397 497 2440 anno
529 2380 634 2438 tomus
663 2373 745 2438 altar
772 2372 873 2437 lucem
900 2373 1057 2459 publicam
1085 2375 1243 2459 adspexit.

159 2478 283 2544 Titulus
296 2479 343 2544 ita
358 2501 391 2542 se
405 2478 521 2543 habet:

158 2643 304 2719 Ioannis
331 2644 498 2714 Friderioi
526 2642 705 2713 Schaunat
722 2640 925 2714 Vindemiae
953 2640 1141 2724 Literariae‚
1175 2641 1244 2716 hoc

231 2769 286 2831 est
315 2767 475 2834 veterum
505 2757 822 2830 Monumentorum
850 2757 895 2832 ad
926 2756 1152 2830 Germaniam
1180 2758 1244 2830 Sa»

232 2901 327 2948 cram
351 2877 527 2971 praecipue
546 2875 791 2973 Spectantium
809 2874 982 2947 Collectio
999 2877 1153 2949 secunda
1174 2899 1244 2973 qua

232 2993 458 3064 continentur

224 3166 250 3226 1.
273 3166 456 3225 Traditiones
468 3165 590 3224 Veteres
604 3164 735 3222 Coenobii
750 3163 781 3222 S.
791 3146 869 3223 Petri
883 3162 1037 3222 Erfordirc.

207 3265 249 3322 II.
272 3265 420 3342 Excerpta
434 3283 470 3322 ex
485 3261 661 3339 Neorologio
674 3261 803 3339 ejusdem
818 3260 959 3321 Coenobii.

187 3360 248 3422 111.
270 3360 410 3439 Anonymi
424 3359 587 3417 Chronicon
601 3357 874 3436 Wirtembergense.

191 3458 247 3517 IV.
270 3459 432 3538 Anonymua
446 3456 481 3515 de
496 3455 617 3532 Origine
633 3464 663 3513 et
677 3453 840 3516 Abbatibus
854 3456 985 3516 coenobii
1000 3458 1243 3536 Combergensis.¹

206 3557 246 3622 V,
269 3555 474 3635 Necrologium
489 3551 661 3614 Monasterii
676 3552 708 3612 S.
718 3552 869 3613 Michaelis
884 3553 1060 3634 Bsmbergae.

186 3655 244 3714 Vl.
266 3655 461 3713 Burcnunnr
491 3669 533 3708 na
562 3649 687 3707 Hunnrs
716 3649 879 3710 chronicon
907 3651 1045 3714 Ecclesioe
1073 3653 1241 3733 collegiata

331 3749 362 3809 S.
374 3748 455 3806 Petri
468 3742 677 3824 Winpinensis.

172 3849 246 3907 Vll.
269 3849 439 3906 Drnrrruru
455 3863 496 3901 nu
512 3843 717 3900 Hnnurrsrsr
732 3842 921 3903 continuatio
935 3843 1064 3920 ejusdem
1079 3845 1226 3907 Chronici.

155 3946 248 4007 VIII.
270 3942 476 4020 Necrologium
490 3940 602 3999 Eccles.
618 3938 785 4018 Collegiatoe
800 3939 1008 4021 Winpinensis.

192 4043 249 4103 IX.
272 4039 411 4120 Anonymi
424 4038 494 4097 Vita
507 4038 543 4095 B.
552 4037 700 4096 Lamberti
722 4037 793 4095 Can.
815 4037 908 4116 Regg.
924 4038 1004 4097 Novi
1029 4040 1134 4120 Operis
1154 4043 1241 4120 juxta

315 4136 407 4195 Halae
421 4135 585 4205 Saronicus,
599 4133 685 4213 primi
699 4135 853 4214 praepositi.

210 4237 250 4301 X,
273 4233 436 4294 Translatio
464 4230 661 4308 Reliquisrum
691 4233 720 4289 S.
739 4230 900 4291 Alexandri
925 4233 1074 4315 Martyris,
1096 4235 1133 4294 ad
1160 4235 1239 4302 idem

315 4331 394 4420 Nori
409 4328 512 4415 Operis
526 4328 746 4393 Monasterium.
