2790 4958
242 273 308 338 no
353 240 355 246 ’
569 273 867 340 emunctuosis
888 277 1039 339 Asnam.

1283 447 1303 494 Ρ
1338 482 1344 494 .

244 531 324 591 Ven.
338 531 501 589 Jounurus
513 547 554 587 nn
568 528 753 587 Wurnunus
769 527 880 587 Prioris
893 526 1082 597 Mellioeusis,
1097 527 1148 605 qui
1168 547 1245 587 anuo
1304 463 1337 511 ag

285 644 515 686 uccocnxxxrr.
543 635 679 684 mortuus
704 635 758 695 est,
783 625 856 684 Vita
883 634 915 684 et
942 623 1060 704 Scripta
1084 643 1152 684 curn
1179 622 1245 704 Ap-

284 723 418 804 pendice.
1285 721 1347 798 629

245 821 409 881 Jounrsms
423 820 483 878 III.
507 818 647 899 Episcopi
667 818 852 899 llystetenais
870 817 1003 877 Historia
1016 816 1245 878 Reformationis

286 917 461 976 Monasterii
475 916 506 975 S.
515 914 685 996 Welpurge
699 915 772 975 Ord.
787 914 818 974 S.
834 915 945 975 Bened.
1284 917 1346 992 650

246 1013 387 1093 Anonymi
411 1015 534 1072 Carmen
560 1012 769 1093 Rhythmicum
798 1022 883 1071 retus
910 1011 948 1071 dc
974 1011 1098 1072 miseriis
1122 1011 1244 1072 Ordinis

286 1108 454 1168 Monostici.
1285 1109 1342 1184 671

418 1237 578 1303 Contenta
592 1238 676 1302 Toru
692 1237 785 1315 Nom,
801 1258 885 1301 anno
900 1258 1067 1300 unooxxvr.
1082 1235 1171 1300 editi.

246 1355 371 1414 Rurrru
387 1358 526 1437 Episcopi
546 1358 663 1417 incertae
685 1357 777 1424 Sedis.
793 1357 844 1434 qui
865 1374 942 1416 anno
960 1355 1243 1427 nnv11.doruit‚de

286 1453 371 1512 Bono
387 1455 471 1513 Pacis
485 1455 567 1513 Libri
584 1454 627 1514 II.
1239 1451 1311 1531 Pag.
1327 1471 1343 1528 3

244 1549 459 1608 Euununnsnr
473 1549 599 1609 Abbatis
613 1550 823 1610 Admonteusis
842 1550 950 1610 Seculo
964 1550 1057 1608 XIII.
1087 1551 1243 1609 Tractatus

285 1644 322 1704 de
337 1646 425 1705 Statu
440 1647 666 1705 Defunctorum.

244 1742 321 1802 Ven.
338 1741 513 1803 Fanucrscr
532 1743 744 1802 Reformatoris
764 1744 937 1803 Monssterii
960 1743 1148 1802 castellensis
1167 1742 1240 1802 Ord.

285 1839 316 1898 S.
340 1840 504 1908 Benedicti,
533 1861 609 1898 anno
636 1858 766 1900 Μοῦσαν.
795 1839 875 1907 clari,
900 1840 1083 1921 Opusculum
1111 1839 1147 1898 de
1173 1840 1241 1898 Mo·

284 1937 376 1996 nacho
390 1935 427 1995 ad
441 1936 607 2016 exemplum
622 1935 733 1995 Christi
746 1936 894 1996 crucifixo.
1289 1956 1342 2014 195

242 2033 383 2114 Ejusdem
401 2032 534 2093 Libellus
555 2031 730 2112 Epistoleris
754 2033 957 2105 Quoestionum
986 2032 1177 2111 Regularium
1205 2033 1242 2093 de

284 2129 345 2188 vita
360 2128 630 2188 sanctimonialium
642 2128 808 2207 Virginum.
1287 2149 1342 2206 217

244 2225 407 2284 Gannonrr
429 2244 471 2283 un
494 2225 684 2292 Scusvoum,
707 2245 783 2284 anno
804 2244 950 2285 noccoxr.
980 2225 1120 2284 Canonici
1146 2226 1242 2284 Turo-

282 2322 389 2390 nensis,
406 2321 495 2381 Liber
519 2320 557 2380 de
581 2321 690 2380 tuenda
704 2323 834 2400 Virginis
854 2324 917 2381 Deo
941 2333 1113 2381 consecratae
1135 2323 1240 2381 sancti·

282 2419 388 2478 monia.
1286 2440 1321 2498 25
1326 2439 1342 2498 5

241 2513 318 2574 Ven.
333 2515 471 2574 Nroounr
487 2535 529 2574 nn
541 2515 746 2582 Asonurrrrn,
758 2516 869 2574 Prioris
883 2515 1025 2575 cartusie
1041 2515 1242 2574 Gemnicensis

282 2612 380 2672 seculo
394 2612 465 2671 XV.
500 2614 655 2672 Tractatus
669 2612 706 2671 de
720 2613 913 2672 Discretione.
1280 2631 1342 2692 379

242 2708 384 2789 Anonymi
397 2709 570 2777 Cartusiaui,
585 2709 636 2787 qui
658 2708 756 2768 seculo
776 2708 848 2767 XV.
869 2710 953 2778 vixit,
969 2710 1111 2789 Dialogus
1132 2710 1169 2769 de
1190 2709 1241 2768 In·

282 2805 436 2865 stitutione
451 2815 481 2864 et
495 2805 642 2864 exercitiis
657 2784 757 2864 cellae:
1284 2822 1341 2884 533

243 2903 317 2960 Ven.
347 2903 508 2961 Murrum
543 2902 729 2969 Mmossm,
758 2901 924 2962 cartusiaui
953 2902 1120 2962 Priielensis
1150 2924 1242 2983 prope

282 2999 482 3066 Ratisbonam,
499 2999 654 3058 Tractatus
669 2998 706 3058 de
720 2999 896 3060 Indivisibili
910 3010 940 3060 et
955 3001 1041 3060 unice
1054 3022 1113 3060 uno
1131 3011 1241 3081 puncto

284 3094 419 3154 Instituti
433 3094 607 3154 Gartusiani.
1283 3117 1340 3175 591

240 3192 381 3251 Jonmus
408 3191 624 3260 Msmnnourr,
653 3192 820 3273 Presbyteri
848 3202 878 3252 et
903 3193 1043 3253 Monachi
1070 3215 1087 3252 e
1112 3193 1242 3272 congre.

282 3289 399 3368 gatione
428 3290 459 3348 S.
481 3290 579 3348 Mauri
607 3289 680 3350 Ord.
706 3290 737 3350 S.
761 3290 874 3350 Bened.
902 3291 998 3351 Breve
1027 3291 1176 3371 Scriptum
1204 3291 1241 3350 de

282 3384 513 3444 Monosticorum
528 3385 698 3446 Studiorum
712 3388 825 3447 ratione
844 3387 880 3447 ad
898 3389 1021 3466 juvenes
1038 3389 1240 3468 studiososque

282 3482 524 3560 congregationis
538 3503 608 3542 suae.
1281 3488 1343 3564 649

328 3610 438 3674 Torius
452 3609 604 3691 Duorum,
619 3634 703 3677 anno
721 3589 914 3680 nnodxxxm.
929 3617 1085 3702 vulgatus,
1102 3615 1255 3695 eontinet,

242 3731 273 3791 S.
290 3730 427 3808 Hugouis
448 3729 589 3810 Episcopi
609 3732 823 3795 Linoolniensis
846 3736 878 3794 in
899 3737 1009 3815 Anglia
1029 3736 1103 3795 Ord.
1123 3739 1238 3796 Certus.

282 3827 393 3895 Vitam,
409 3828 445 3885 ab
458 3826 585 3896 Auauo,
596 3838 631 3887 ut
644 3829 770 3903 videtur,
783 3832 933 3892 Monacho
941 3833 1114 3904 Monasterii
1129 3833 1160 3892 S.
1174 3833 1240 3892 Au-

277 3923 391 4000 gustini
413 3910 640 3995 cantuariensis,
663 3925 794 4004 ejusdem
817 3928 986 4009 capellano,
1011 3929 1084 3988 Ord.
1111 3929 1143 3988 S.
1167 3930 1241 3988 Bsn.

280 4018 377 4078 IsibrIs
392 4020 427 4076 V.
448 4020 651 4100 conscriptum,
672 4033 703 4081 et
727 4025 763 4085 ab
781 4028 928 4106 Anonymo
941 4025 1121 4086 Curtusiensi
1143 4025 1243 4086 seculo

281 4113 435 4172 minimum
456 4113 546 4174 XIV.
561 4115 686 4177 fideliter
707 4140 740 4179 sc
761 4131 876 4181 retenta
897 4122 1069 4202 primigenia
1091 4122 1189 4202 phrasi
1209 4122 1241 4181 in

280 4208 483 4288 compendium
498 4211 637 4285 relatsm3
659 4234 725 4273 cum
740 4218 818 4277 notis
831 4229 862 4277 et
875 4218 1133 4278 observationibus.
1234 4220 1306 4299 Peg.
1323 4239 1339 4294 3
