<?xml version="1.0" encoding="UTF-8"?>
<!DOCTYPE html PUBLIC "-//W3C//DTD XHTML 1.0 Transitional//EN"
    "http://www.w3.org/TR/xhtml1/DTD/xhtml1-transitional.dtd">
<html xmlns="http://www.w3.org/1999/xhtml" xml:lang="en" lang="en">
 <head>
  <title>
</title>
<meta http-equiv="Content-Type" content="text/html;charset=utf-8" />
  <meta name='ocr-system' content='tesseract 3.04.00' />
  <meta name='ocr-capabilities' content='ocr_page ocr_carea ocr_par ocr_line ocrx_word'/>
</head>
<body>
  <div class='ocr_page' id='page_1' title='image "./notitiascriptor00dowlgoog_0095.png"; bbox 0 0 2790 4958; ppageno 0'>
   <div class='ocr_carea' id='block_1_1' title="bbox 233 305 964 390">
    <p class='ocr_par' dir='ltr' id='par_1_1' title="bbox 233 305 964 390">
     <span class='ocr_line' id='line_1_1' title="bbox 233 305 964 390; baseline -0.015 -14"><span class='ocrx_word' id='word_1_1' title='bbox 233 314 275 378; x_wconf 72' lang='lat'><strong>72</strong></span> <span class='ocrx_word' id='word_1_2' title='bbox 590 307 739 372; x_wconf 66' lang='lat' dir='ltr'><strong>Decimii</strong></span> <span class='ocrx_word' id='word_1_3' title='bbox 761 305 964 390; x_wconf 61' lang='lat' dir='ltr'><strong>spsibptm</strong></span> 
     </span>
    </p>
   </div>
   <div class='ocr_carea' id='block_1_2' title="bbox 234 472 1346 4512">
    <p class='ocr_par' dir='ltr' id='par_1_2' title="bbox 234 472 1346 4512">
     <span class='ocr_line' id='line_1_2' title="bbox 1270 472 1332 534; baseline -0.032 -14"><span class='ocrx_word' id='word_1_4' title='bbox 1270 472 1332 534; x_wconf 88' lang='lat' dir='ltr'><strong>Pag.</strong></span> 
     </span>
     <span class='ocr_line' id='line_1_3' title="bbox 234 556 1230 640; baseline -0.008 -18"><span class='ocrx_word' id='word_1_5' title='bbox 234 565 389 622; x_wconf 71' lang='lat' dir='ltr'><strong>Parmam</strong></span> <span class='ocrx_word' id='word_1_6' title='bbox 413 564 473 622; x_wconf 90' lang='lat'><strong>111.</strong></span> <span class='ocrx_word' id='word_1_7' title='bbox 493 563 627 640; x_wconf 74' lang='lat' dir='ltr'><strong>Epistola</strong></span> <span class='ocrx_word' id='word_1_8' title='bbox 648 563 685 621; x_wconf 91' lang='lat' dir='ltr'><strong>ad</strong></span> <span class='ocrx_word' id='word_1_9' title='bbox 706 562 851 622; x_wconf 84' lang='lat' dir='ltr'><strong>Abbstem</strong></span> <span class='ocrx_word' id='word_1_10' title='bbox 873 573 904 620; x_wconf 91' lang='lat' dir='ltr'><strong>et</strong></span> <span class='ocrx_word' id='word_1_11' title='bbox 925 560 1088 619; x_wconf 87' lang='lat' dir='ltr'><strong>Monachos</strong></span> <span class='ocrx_word' id='word_1_12' title='bbox 1109 557 1140 616; x_wconf 86' lang='lat' dir='ltr'><strong>S.</strong></span> <span class='ocrx_word' id='word_1_13' title='bbox 1156 556 1230 614; x_wconf 92' lang='lat' dir='ltr'><strong>Dio-</strong></span> 
     </span>
     <span class='ocr_line' id='line_1_4' title="bbox 275 653 1335 740; baseline -0.008 -21"><span class='ocrx_word' id='word_1_14' title='bbox 275 661 350 740; x_wconf 83' lang='lat' dir='ltr'><strong>nysii</strong></span> <span class='ocrx_word' id='word_1_15' title='bbox 363 660 394 718; x_wconf 90' lang='lat' dir='ltr'><strong>in</strong></span> <span class='ocrx_word' id='word_1_16' title='bbox 410 660 544 720; x_wconf 57' lang='lat' dir='ltr'><strong>limeis.</strong></span> <span class='ocrx_word' id='word_1_17' title='bbox 1273 653 1335 729; x_wconf 88' lang='lat'><strong>669</strong></span> 
     </span>
     <span class='ocr_line' id='line_1_5' title="bbox 235 751 1232 834; baseline -0.005 -18"><span class='ocrx_word' id='word_1_18' title='bbox 235 759 399 817; x_wconf 65' lang='lat' dir='ltr'><strong>Mannum</strong></span> <span class='ocrx_word' id='word_1_19' title='bbox 424 758 549 816; x_wconf 87' lang='lat' dir='ltr'><strong>Abbatis</strong></span> <span class='ocrx_word' id='word_1_20' title='bbox 571 778 604 816; x_wconf 88' lang='lat' dir='ltr'><strong>ac</strong></span> <span class='ocrx_word' id='word_1_21' title='bbox 625 757 761 817; x_wconf 74' lang='lat' dir='ltr'><strong>Sinonis</strong></span> <span class='ocrx_word' id='word_1_22' title='bbox 784 776 827 815; x_wconf 80' lang='lat' dir='ltr'><strong>nn</strong></span> <span class='ocrx_word' id='word_1_23' title='bbox 853 758 885 815; x_wconf 96' lang='lat' dir='ltr'>N</span> <span class='ocrx_word' id='word_1_24' title='bbox 888 774 1009 816; x_wconf 78' lang='lat' dir='ltr'><strong>roenna</strong></span> <span class='ocrx_word' id='word_1_25' title='bbox 1033 753 1169 834; x_wconf 77' lang='lat' dir='ltr'><strong>Epistola</strong></span> <span class='ocrx_word' id='word_1_26' title='bbox 1195 751 1232 811; x_wconf 92' lang='lat' dir='ltr'><strong>ad</strong></span> 
     </span>
     <span class='ocr_line' id='line_1_6' title="bbox 276 849 1335 934; baseline -0.006 -22"><span class='ocrx_word' id='word_1_27' title='bbox 276 855 446 934; x_wconf 84' lang='lat' dir='ltr'><strong>Philippum</strong></span> <span class='ocrx_word' id='word_1_28' title='bbox 461 853 521 913; x_wconf 92' lang='lat'><strong>111.</strong></span> <span class='ocrx_word' id='word_1_29' title='bbox 1274 849 1335 922; x_wconf 89' lang='lat'><strong>670</strong></span> 
     </span>
     <span class='ocr_line' id='line_1_7' title="bbox 235 947 1335 1030; baseline -0.005 -21"><span class='ocrx_word' id='word_1_30' title='bbox 235 952 393 1010; x_wconf 75' lang='lat' dir='ltr'><strong>Pmmeer</strong></span> <span class='ocrx_word' id='word_1_31' title='bbox 409 951 469 1009; x_wconf 91' lang='grc' dir='ltr'><strong>ΙΙΙ.</strong></span> <span class='ocrx_word' id='word_1_32' title='bbox 485 951 620 1030; x_wconf 81' lang='lat' dir='ltr'><strong>Epistola</strong></span> <span class='ocrx_word' id='word_1_33' title='bbox 633 953 670 1010; x_wconf 89' lang='lat' dir='ltr'><strong>ad</strong></span> <span class='ocrx_word' id='word_1_34' title='bbox 684 953 811 1011; x_wconf 90' lang='lat' dir='ltr'><strong>eosdem.</strong></span> <span class='ocrx_word' id='word_1_35' title='bbox 1264 947 1335 1005; x_wconf 91' lang='lat' dir='ltr'><strong>ibid.</strong></span> 
     </span>
     <span class='ocr_line' id='line_1_8' title="bbox 236 1042 1334 1107; baseline -0.007 -1"><span class='ocrx_word' id='word_1_36' title='bbox 236 1049 457 1107; x_wconf 70' lang='lat' dir='ltr'>Testamentum</span> <span class='ocrx_word' id='word_1_37' title='bbox 472 1047 620 1106; x_wconf 80' lang='lat' dir='ltr'><strong>Rossanu</strong></span> <span class='ocrx_word' id='word_1_38' title='bbox 635 1067 677 1106; x_wconf 84' lang='lat' dir='ltr'><strong>nn</strong></span> <span class='ocrx_word' id='word_1_39' title='bbox 694 1048 853 1106; x_wconf 78' lang='lat' dir='ltr'><strong>Soanorss.</strong></span> <span class='ocrx_word' id='word_1_40' title='bbox 1264 1042 1334 1101; x_wconf 83' lang='lat' dir='ltr'><strong>ibid.</strong></span> 
     </span>
     <span class='ocr_line' id='line_1_9' title="bbox 234 1141 1232 1221; baseline -0.003 -19"><span class='ocrx_word' id='word_1_41' title='bbox 234 1145 399 1204; x_wconf 81' lang='lat' dir='ltr'><strong>libertates</strong></span> <span class='ocrx_word' id='word_1_42' title='bbox 413 1154 443 1203; x_wconf 90' lang='lat' dir='ltr'><strong>et</strong></span> <span class='ocrx_word' id='word_1_43' title='bbox 457 1145 681 1204; x_wconf 88' lang='lat' dir='ltr'><strong>consuetudines</strong></span> <span class='ocrx_word' id='word_1_44' title='bbox 694 1144 772 1203; x_wconf 83' lang='lat' dir='ltr'><strong>villae</strong></span> <span class='ocrx_word' id='word_1_45' title='bbox 785 1145 944 1221; x_wconf 90' lang='lat' dir='ltr'><strong>Ricomago</strong></span> <span class='ocrx_word' id='word_1_46' title='bbox 958 1163 1098 1202; x_wconf 73' lang='lat' dir='ltr'><strong>concessae</strong></span> <span class='ocrx_word' id='word_1_47' title='bbox 1115 1143 1152 1201; x_wconf 91' lang='lat' dir='ltr'><strong>ab</strong></span> <span class='ocrx_word' id='word_1_48' title='bbox 1165 1141 1232 1199; x_wconf 76' lang='lat' dir='ltr'><strong>An-</strong></span> 
     </span>
     <span class='ocr_line' id='line_1_10' title="bbox 277 1241 695 1302; baseline 0 -2"><span class='ocrx_word' id='word_1_49' title='bbox 277 1260 376 1302; x_wconf 79' lang='lat' dir='ltr'><strong>eorsso</strong></span> <span class='ocrx_word' id='word_1_50' title='bbox 391 1241 555 1301; x_wconf 86' lang='lat' dir='ltr'><strong>Pietavensi</strong></span> <span class='ocrx_word' id='word_1_51' title='bbox 570 1242 695 1300; x_wconf 84' lang='lat' dir='ltr'><strong>Comite.</strong></span> 
     </span>
     <span class='ocr_line' id='line_1_11' title="bbox 237 1335 1232 1415; baseline -0.005 -17"><span class='ocrx_word' id='word_1_52' title='bbox 237 1340 411 1398; x_wconf 80' lang='lat' dir='ltr'><strong>Contractus</strong></span> <span class='ocrx_word' id='word_1_53' title='bbox 424 1338 601 1396; x_wconf 87' lang='lat' dir='ltr'><strong>matrimonii</strong></span> <span class='ocrx_word' id='word_1_54' title='bbox 614 1338 692 1396; x_wconf 86' lang='lat' dir='ltr'><strong>inter</strong></span> <span class='ocrx_word' id='word_1_55' title='bbox 702 1337 840 1397; x_wconf 87' lang='lat' dir='ltr'><strong>Sancium</strong></span> <span class='ocrx_word' id='word_1_56' title='bbox 854 1337 947 1395; x_wconf 89' lang='lat' dir='ltr'><strong>filium</strong></span> <span class='ocrx_word' id='word_1_57' title='bbox 958 1337 1047 1415; x_wconf 87' lang='lat' dir='ltr'><strong>Regis</strong></span> <span class='ocrx_word' id='word_1_58' title='bbox 1061 1335 1189 1402; x_wconf 78' lang='lat' dir='ltr'><strong>Aliensi,</strong></span> <span class='ocrx_word' id='word_1_59' title='bbox 1202 1347 1232 1394; x_wconf 93' lang='lat' dir='ltr'><strong>et</strong></span> 
     </span>
     <span class='ocr_line' id='line_1_12' title="bbox 278 1433 1122 1494; baseline -0.006 -1"><span class='ocrx_word' id='word_1_60' title='bbox 278 1435 465 1494; x_wconf 86' lang='lat' dir='ltr'><strong>Guillelmam</strong></span> <span class='ocrx_word' id='word_1_61' title='bbox 479 1434 568 1493; x_wconf 90' lang='lat' dir='ltr'><strong>filiam</strong></span> <span class='ocrx_word' id='word_1_62' title='bbox 583 1433 721 1493; x_wconf 87' lang='lat' dir='ltr'><strong>Gastonis</strong></span> <span class='ocrx_word' id='word_1_63' title='bbox 735 1433 925 1493; x_wconf 90' lang='lat' dir='ltr'><strong>Vicecomitis</strong></span> <span class='ocrx_word' id='word_1_64' title='bbox 938 1433 1122 1492; x_wconf 88' lang='lat' dir='ltr'><strong>Bearnensis.</strong></span> 
     </span>
     <span class='ocr_line' id='line_1_13' title="bbox 237 1530 887 1609; baseline -0.002 -18"><span class='ocrx_word' id='word_1_65' title='bbox 237 1534 458 1592; x_wconf 85' lang='lat' dir='ltr'><strong>Testamentum</strong></span> <span class='ocrx_word' id='word_1_66' title='bbox 472 1532 586 1590; x_wconf 76' lang='lat' dir='ltr'><strong>Jacosr</strong></span> <span class='ocrx_word' id='word_1_67' title='bbox 600 1531 774 1608; x_wconf 83' lang='lat' dir='ltr'><strong>Aragonum</strong></span> <span class='ocrx_word' id='word_1_68' title='bbox 788 1530 887 1609; x_wconf 84' lang='lat' dir='ltr'><strong>Regis.</strong></span> 
     </span>
     <span class='ocr_line' id='line_1_14' title="bbox 238 1625 1145 1706; baseline -0.004 -22"><span class='ocrx_word' id='word_1_69' title='bbox 238 1627 371 1687; x_wconf 77' lang='lat' dir='ltr'><strong>Pennus</strong></span> <span class='ocrx_word' id='word_1_70' title='bbox 386 1628 509 1687; x_wconf 82' lang='lat' dir='ltr'><strong>Electus</strong></span> <span class='ocrx_word' id='word_1_71' title='bbox 522 1628 729 1706; x_wconf 85' lang='lat' dir='ltr'><strong>Lugdunensis</strong></span> <span class='ocrx_word' id='word_1_72' title='bbox 742 1626 913 1686; x_wconf 84' lang='lat' dir='ltr'><strong>fidelitatem</strong></span> <span class='ocrx_word' id='word_1_73' title='bbox 928 1627 1003 1705; x_wconf 82' lang='lat' dir='ltr'><strong>Regi</strong></span> <span class='ocrx_word' id='word_1_74' title='bbox 1018 1625 1145 1685; x_wconf 83' lang='lat' dir='ltr'><strong>exhibet.</strong></span> 
     </span>
     <span class='ocr_line' id='line_1_15' title="bbox 241 1722 1234 1804; baseline -0.004 -21"><span class='ocrx_word' id='word_1_75' title='bbox 241 1725 379 1802; x_wconf 78' lang='lat' dir='ltr'><strong>Qfficiolis</strong></span> <span class='ocrx_word' id='word_1_76' title='bbox 389 1724 568 1783; x_wconf 81' lang='lat' dir='ltr'><strong>Pnrisiensis</strong></span> <span class='ocrx_word' id='word_1_77' title='bbox 580 1734 706 1783; x_wconf 86' lang='lat' dir='ltr'><strong>testatur</strong></span> <span class='ocrx_word' id='word_1_78' title='bbox 719 1745 824 1804; x_wconf 89' lang='lat' dir='ltr'><strong>corpus</strong></span> <span class='ocrx_word' id='word_1_79' title='bbox 838 1724 913 1783; x_wconf 81' lang='lat' dir='ltr'><strong>Adoe</strong></span> <span class='ocrx_word' id='word_1_80' title='bbox 927 1723 1040 1782; x_wconf 87' lang='lat' dir='ltr'><strong>Fourre</strong></span> <span class='ocrx_word' id='word_1_81' title='bbox 1051 1722 1168 1788; x_wconf 88' lang='lat' dir='ltr'><strong>Militis,</strong></span> <span class='ocrx_word' id='word_1_82' title='bbox 1183 1723 1234 1799; x_wconf 89' lang='lat' dir='ltr'><strong>qui</strong></span> 
     </span>
     <span class='ocr_line' id='line_1_16' title="bbox 277 1818 1234 1888; baseline -0.005 -8"><span class='ocrx_word' id='word_1_83' title='bbox 277 1822 316 1880; x_wconf 90' lang='lat' dir='ltr'><strong>ob</strong></span> <span class='ocrx_word' id='word_1_84' title='bbox 343 1821 441 1880; x_wconf 90' lang='lat' dir='ltr'><strong>debita</strong></span> <span class='ocrx_word' id='word_1_85' title='bbox 466 1841 526 1878; x_wconf 91' lang='lat' dir='ltr'><strong>non</strong></span> <span class='ocrx_word' id='word_1_86' title='bbox 554 1819 648 1879; x_wconf 90' lang='lat' dir='ltr'><strong>saluta</strong></span> <span class='ocrx_word' id='word_1_87' title='bbox 672 1821 938 1880; x_wconf 85' lang='lat' dir='ltr'><strong>excommunicatus</strong></span> <span class='ocrx_word' id='word_1_88' title='bbox 965 1821 1070 1888; x_wconf 85' lang='lat' dir='ltr'><strong>fuerat,</strong></span> <span class='ocrx_word' id='word_1_89' title='bbox 1093 1818 1234 1877; x_wconf 89' lang='lat' dir='ltr'><strong>traditum</strong></span> 
     </span>
     <span class='ocr_line' id='line_1_17' title="bbox 279 1915 774 1994; baseline -0.006 -19"><span class='ocrx_word' id='word_1_90' title='bbox 279 1918 370 1977; x_wconf 88' lang='lat' dir='ltr'><strong>fnisse</strong></span> <span class='ocrx_word' id='word_1_91' title='bbox 384 1917 594 1976; x_wconf 86' lang='lat' dir='ltr'><strong>Ecclesiasticae</strong></span> <span class='ocrx_word' id='word_1_92' title='bbox 608 1915 774 1994; x_wconf 73' lang='lat' dir='ltr'><strong>sepultura.</strong></span> 
     </span>
     <span class='ocr_line' id='line_1_18' title="bbox 240 2012 1235 2089; baseline -0.006 -15"><span class='ocrx_word' id='word_1_93' title='bbox 240 2016 423 2074; x_wconf 85' lang='lat' dir='ltr'><strong>Lunovrcns</strong></span> <span class='ocrx_word' id='word_1_94' title='bbox 444 2013 579 2089; x_wconf 89' lang='lat' dir='ltr'><strong>Bellijooi</strong></span> <span class='ocrx_word' id='word_1_95' title='bbox 601 2013 747 2071; x_wconf 89' lang='lat' dir='ltr'><strong>Dominus</strong></span> <span class='ocrx_word' id='word_1_96' title='bbox 767 2012 917 2072; x_wconf 86' lang='lat' dir='ltr'><strong>confirmat</strong></span> <span class='ocrx_word' id='word_1_97' title='bbox 941 2012 1090 2071; x_wconf 84' lang='lat' dir='ltr'><strong>libertates</strong></span> <span class='ocrx_word' id='word_1_98' title='bbox 1114 2030 1148 2070; x_wconf 89' lang='lat' dir='ltr'><strong>ac</strong></span> <span class='ocrx_word' id='word_1_99' title='bbox 1168 2012 1235 2088; x_wconf 85' lang='lat' dir='ltr'><strong>jura</strong></span> 
     </span>
     <span class='ocr_line' id='line_1_19' title="bbox 279 2110 1065 2189; baseline -0.004 -19"><span class='ocrx_word' id='word_1_100' title='bbox 279 2111 386 2170; x_wconf 90' lang='lat' dir='ltr'><strong>civium</strong></span> <span class='ocrx_word' id='word_1_101' title='bbox 401 2111 629 2189; x_wconf 86' lang='lat' dir='ltr'><strong>Tysiacensium‚</strong></span> <span class='ocrx_word' id='word_1_102' title='bbox 643 2130 660 2168; x_wconf 90' lang='lat' dir='ltr'><strong>a</strong></span> <span class='ocrx_word' id='word_1_103' title='bbox 674 2110 932 2189; x_wconf 75' lang='lat' dir='ltr'><strong>predecessoribus</strong></span> <span class='ocrx_word' id='word_1_104' title='bbox 945 2119 1065 2168; x_wconf 84' lang='lat' dir='ltr'><strong>statuta.</strong></span> 
     </span>
     <span class='ocr_line' id='line_1_20' title="bbox 240 2205 1308 2286; baseline -0.005 -19"><span class='ocrx_word' id='word_1_105' title='bbox 240 2210 432 2267; x_wconf 72' lang='lat' dir='ltr'><strong>Gaurnrnus</strong></span> <span class='ocrx_word' id='word_1_106' title='bbox 454 2226 496 2265; x_wconf 81' lang='lat' dir='ltr'><strong>oa</strong></span> <span class='ocrx_word' id='word_1_107' title='bbox 513 2208 626 2266; x_wconf 72' lang='lat' dir='ltr'><strong>Basso</strong></span> <span class='ocrx_word' id='word_1_108' title='bbox 640 2207 818 2286; x_wconf 84' lang='lat' dir='ltr'><strong>Pauperibus</strong></span> <span class='ocrx_word' id='word_1_109' title='bbox 838 2206 992 2285; x_wconf 86' lang='lat' dir='ltr'><strong>Magistris</strong></span> <span class='ocrx_word' id='word_1_110' title='bbox 1011 2205 1043 2263; x_wconf 94' lang='lat' dir='ltr'><strong>in</strong></span> <span class='ocrx_word' id='word_1_111' title='bbox 1060 2205 1236 2283; x_wconf 85' lang='lat' dir='ltr'><strong>Theologica</strong></span> <span class='ocrx_word' id='word_1_112' title='bbox 1304 2212 1308 2219; x_wconf 83' lang='lat'>&#39;</span> 
     </span>
     <span class='ocr_line' id='line_1_21' title="bbox 281 2303 1237 2382; baseline -0.002 -19"><span class='ocrx_word' id='word_1_113' title='bbox 281 2305 435 2364; x_wconf 86' lang='lat' dir='ltr'><strong>Facultate</strong></span> <span class='ocrx_word' id='word_1_114' title='bbox 452 2305 639 2364; x_wconf 87' lang='lat' dir='ltr'><strong>studentibus</strong></span> <span class='ocrx_word' id='word_1_115' title='bbox 653 2305 773 2364; x_wconf 88' lang='lat' dir='ltr'><strong>Parisiis</strong></span> <span class='ocrx_word' id='word_1_116' title='bbox 793 2305 893 2374; x_wconf 87' lang='lat' dir='ltr'><strong>donat,</strong></span> <span class='ocrx_word' id='word_1_117' title='bbox 907 2324 972 2382; x_wconf 84' lang='lat' dir='ltr'><strong>qnae</strong></span> <span class='ocrx_word' id='word_1_118' title='bbox 992 2304 1047 2362; x_wconf 88' lang='lat' dir='ltr'><strong>sibi</strong></span> <span class='ocrx_word' id='word_1_119' title='bbox 1068 2324 1086 2361; x_wconf 94' lang='lat' dir='ltr'><strong>a</strong></span> <span class='ocrx_word' id='word_1_120' title='bbox 1107 2303 1237 2361; x_wconf 89' lang='lat' dir='ltr'><strong>Roberto</strong></span> 
     </span>
     <span class='ocr_line' id='line_1_22' title="bbox 281 2401 1339 2476; baseline -0.004 -15"><span class='ocrx_word' id='word_1_121' title='bbox 281 2403 317 2461; x_wconf 91' lang='lat' dir='ltr'><strong>de</strong></span> <span class='ocrx_word' id='word_1_122' title='bbox 329 2403 460 2462; x_wconf 82' lang='lat' dir='ltr'><strong>Sarbena</strong></span> <span class='ocrx_word' id='word_1_123' title='bbox 474 2401 578 2461; x_wconf 90' lang='lat' dir='ltr'><strong>collata</strong></span> <span class='ocrx_word' id='word_1_124' title='bbox 591 2403 717 2461; x_wconf 85' lang='lat' dir='ltr'><strong>fuerant.</strong></span> <span class='ocrx_word' id='word_1_125' title='bbox 1278 2401 1339 2476; x_wconf 83' lang='lat'><strong>679</strong></span> 
     </span>
     <span class='ocr_line' id='line_1_23' title="bbox 241 2496 1237 2579; baseline -0.005 -20"><span class='ocrx_word' id='word_1_126' title='bbox 241 2501 412 2559; x_wconf 81' lang='lat' dir='ltr'><strong>Grnsunus</strong></span> <span class='ocrx_word' id='word_1_127' title='bbox 427 2500 592 2579; x_wconf 85' lang='lat' dir='ltr'><strong>Episcopus</strong></span> <span class='ocrx_word' id='word_1_128' title='bbox 606 2499 762 2567; x_wconf 88' lang='lat' dir='ltr'><strong>Eduensis,</strong></span> <span class='ocrx_word' id='word_1_129' title='bbox 776 2509 807 2557; x_wconf 88' lang='lat' dir='ltr'><strong>et</strong></span> <span class='ocrx_word' id='word_1_130' title='bbox 828 2499 958 2558; x_wconf 90' lang='lat' dir='ltr'><strong>Joannes</strong></span> <span class='ocrx_word' id='word_1_131' title='bbox 971 2498 1060 2556; x_wconf 89' lang='lat' dir='ltr'><strong>Miles</strong></span> <span class='ocrx_word' id='word_1_132' title='bbox 1074 2496 1237 2556; x_wconf 79' lang='lat' dir='ltr'><strong>Ecclesiam</strong></span> 
     </span>
     <span class='ocr_line' id='line_1_24' title="bbox 281 2593 1339 2672; baseline -0.001 -20"><span class='ocrx_word' id='word_1_133' title='bbox 281 2595 471 2672; x_wconf 75' lang='lat' dir='ltr'><strong>collegiatam</strong></span> <span class='ocrx_word' id='word_1_134' title='bbox 487 2596 517 2653; x_wconf 88' lang='lat' dir='ltr'><strong>S.</strong></span> <span class='ocrx_word' id='word_1_135' title='bbox 531 2595 637 2653; x_wconf 91' lang='lat' dir='ltr'><strong>Hilarii</strong></span> <span class='ocrx_word' id='word_1_136' title='bbox 652 2595 792 2654; x_wconf 90' lang='lat' dir='ltr'><strong>Sinimuri</strong></span> <span class='ocrx_word' id='word_1_137' title='bbox 807 2595 996 2654; x_wconf 87' lang='lat' dir='ltr'><strong>Briennensis</strong></span> <span class='ocrx_word' id='word_1_138' title='bbox 1009 2594 1146 2652; x_wconf 89' lang='lat' dir='ltr'><strong>fundant.</strong></span> <span class='ocrx_word' id='word_1_139' title='bbox 1269 2593 1339 2652; x_wconf 92' lang='lat' dir='ltr'><strong>ibid.</strong></span> 
     </span>
     <span class='ocr_line' id='line_1_25' title="bbox 241 2690 1238 2770; baseline -0.006 -20"><span class='ocrx_word' id='word_1_140' title='bbox 241 2692 382 2751; x_wconf 71' lang='lat' dir='ltr'><strong>Jaconus</strong></span> <span class='ocrx_word' id='word_1_141' title='bbox 404 2692 507 2750; x_wconf 88' lang='lat' dir='ltr'><strong>Jacobi</strong></span> <span class='ocrx_word' id='word_1_142' title='bbox 532 2691 621 2770; x_wconf 86' lang='lat' dir='ltr'><strong>Regis</strong></span> <span class='ocrx_word' id='word_1_143' title='bbox 645 2691 817 2769; x_wconf 88' lang='lat' dir='ltr'><strong>Aragonum</strong></span> <span class='ocrx_word' id='word_1_144' title='bbox 841 2690 919 2750; x_wconf 91' lang='lat' dir='ltr'><strong>filius</strong></span> <span class='ocrx_word' id='word_1_145' title='bbox 940 2691 1146 2750; x_wconf 88' lang='lat' dir='ltr'><strong>Procuratores</strong></span> <span class='ocrx_word' id='word_1_146' title='bbox 1169 2711 1238 2749; x_wconf 90' lang='lat' dir='ltr'><strong>con.</strong></span> 
     </span>
     <span class='ocr_line' id='line_1_26' title="bbox 282 2787 1240 2847; baseline -0.002 0"><span class='ocrx_word' id='word_1_147' title='bbox 282 2789 379 2847; x_wconf 87' lang='lat' dir='ltr'><strong>stituit</strong></span> <span class='ocrx_word' id='word_1_148' title='bbox 403 2788 439 2846; x_wconf 89' lang='lat' dir='ltr'><strong>ad</strong></span> <span class='ocrx_word' id='word_1_149' title='bbox 461 2788 689 2846; x_wconf 87' lang='lat' dir='ltr'><strong>contrahendum</strong></span> <span class='ocrx_word' id='word_1_150' title='bbox 717 2789 934 2847; x_wconf 90' lang='lat' dir='ltr'><strong>matrimonium</strong></span> <span class='ocrx_word' id='word_1_151' title='bbox 958 2808 1025 2846; x_wconf 92' lang='lat' dir='ltr'><strong>eum</strong></span> <span class='ocrx_word' id='word_1_152' title='bbox 1049 2787 1240 2846; x_wconf 88' lang='lat' dir='ltr'><strong>Sclarmunda</strong></span> 
     </span>
     <span class='ocr_line' id='line_1_27' title="bbox 285 2882 1341 2962; baseline -0.003 -19"><span class='ocrx_word' id='word_1_153' title='bbox 285 2885 404 2962; x_wconf 83' lang='lat' dir='ltr'><strong>Rogerii</strong></span> <span class='ocrx_word' id='word_1_154' title='bbox 418 2884 542 2942; x_wconf 85' lang='lat' dir='ltr'><strong>Comitis</strong></span> <span class='ocrx_word' id='word_1_155' title='bbox 557 2884 702 2943; x_wconf 89' lang='lat' dir='ltr'><strong>Fuxensis</strong></span> <span class='ocrx_word' id='word_1_156' title='bbox 716 2884 783 2943; x_wconf 90' lang='lat' dir='ltr'><strong>filia.</strong></span> <span class='ocrx_word' id='word_1_157' title='bbox 1268 2882 1341 2941; x_wconf 90' lang='lat' dir='ltr'><strong>ibid.</strong></span> 
     </span>
     <span class='ocr_line' id='line_1_28' title="bbox 243 2980 1338 3040; baseline -0.003 0"><span class='ocrx_word' id='word_1_158' title='bbox 243 2982 337 3040; x_wconf 90' lang='lat' dir='ltr'><strong>Iidem</strong></span> <span class='ocrx_word' id='word_1_159' title='bbox 351 2981 568 3040; x_wconf 90' lang='lat' dir='ltr'><strong>matrimonium</strong></span> <span class='ocrx_word' id='word_1_160' title='bbox 583 2981 768 3039; x_wconf 89' lang='lat' dir='ltr'><strong>contrahunt.</strong></span> <span class='ocrx_word' id='word_1_161' title='bbox 1281 2980 1338 3038; x_wconf 84' lang='lat'><strong>681</strong></span> 
     </span>
     <span class='ocr_line' id='line_1_29' title="bbox 244 3077 1239 3157; baseline -0.001 -21"><span class='ocrx_word' id='word_1_162' title='bbox 244 3079 460 3137; x_wconf 74' lang='lat' dir='ltr'><strong>conventiones</strong></span> <span class='ocrx_word' id='word_1_163' title='bbox 479 3098 532 3157; x_wconf 88' lang='lat' dir='ltr'><strong>pro</strong></span> <span class='ocrx_word' id='word_1_164' title='bbox 548 3077 733 3136; x_wconf 86' lang='lat' dir='ltr'><strong>matrimonio</strong></span> <span class='ocrx_word' id='word_1_165' title='bbox 753 3077 949 3136; x_wconf 88' lang='lat' dir='ltr'><strong>contrahendo</strong></span> <span class='ocrx_word' id='word_1_166' title='bbox 969 3079 1046 3136; x_wconf 89' lang='lat' dir='ltr'><strong>inter</strong></span> <span class='ocrx_word' id='word_1_167' title='bbox 1067 3077 1158 3135; x_wconf 89' lang='lat' dir='ltr'><strong>filium</strong></span> <span class='ocrx_word' id='word_1_168' title='bbox 1180 3077 1239 3155; x_wconf 90' lang='lat' dir='ltr'><strong>pri·</strong></span> 
     </span>
     <span class='ocr_line' id='line_1_30' title="bbox 283 3173 1239 3254; baseline -0.003 -20"><span class='ocrx_word' id='word_1_169' title='bbox 283 3176 462 3254; x_wconf 88' lang='lat' dir='ltr'><strong>mogenitum</strong></span> <span class='ocrx_word' id='word_1_170' title='bbox 489 3173 619 3253; x_wconf 89' lang='lat' dir='ltr'><strong>Philippi</strong></span> <span class='ocrx_word' id='word_1_171' title='bbox 642 3175 704 3233; x_wconf 89' lang='lat'><strong>111.</strong></span> <span class='ocrx_word' id='word_1_172' title='bbox 727 3175 905 3234; x_wconf 82' lang='lat' dir='ltr'><strong>Francorum</strong></span> <span class='ocrx_word' id='word_1_173' title='bbox 928 3175 1027 3253; x_wconf 88' lang='lat' dir='ltr'><strong>Regis,</strong></span> <span class='ocrx_word' id='word_1_174' title='bbox 1045 3185 1076 3233; x_wconf 90' lang='lat' dir='ltr'><strong>et</strong></span> <span class='ocrx_word' id='word_1_175' title='bbox 1096 3173 1239 3232; x_wconf 90' lang='lat' dir='ltr'><strong>Joannam</strong></span> 
     </span>
     <span class='ocr_line' id='line_1_31' title="bbox 284 3271 1339 3350; baseline -0.001 -20"><span class='ocrx_word' id='word_1_176' title='bbox 284 3272 372 3331; x_wconf 87' lang='lat' dir='ltr'><strong>filiam</strong></span> <span class='ocrx_word' id='word_1_177' title='bbox 388 3273 549 3332; x_wconf 85' lang='lat' dir='ltr'><strong>Theobaldi</strong></span> <span class='ocrx_word' id='word_1_178' title='bbox 564 3273 703 3331; x_wconf 88' lang='lat' dir='ltr'><strong>Navarrae</strong></span> <span class='ocrx_word' id='word_1_179' title='bbox 718 3272 817 3350; x_wconf 84' lang='lat' dir='ltr'><strong>Regis,</strong></span> <span class='ocrx_word' id='word_1_180' title='bbox 832 3284 862 3331; x_wconf 88' lang='lat' dir='ltr'><strong>et</strong></span> <span class='ocrx_word' id='word_1_181' title='bbox 876 3272 1015 3331; x_wconf 81' lang='lat' dir='ltr'><strong>Blanchoe</strong></span> <span class='ocrx_word' id='word_1_182' title='bbox 1028 3271 1160 3350; x_wconf 78' lang='lat' dir='ltr'><strong>Regina.</strong></span> <span class='ocrx_word' id='word_1_183' title='bbox 1281 3271 1339 3329; x_wconf 84' lang='lat'><strong>682</strong></span> 
     </span>
     <span class='ocr_line' id='line_1_32' title="bbox 243 3367 1242 3448; baseline -0.006 -18"><span class='ocrx_word' id='word_1_184' title='bbox 243 3372 263 3429; x_wconf 83' lang='lat' dir='ltr'>J</span> <span class='ocrx_word' id='word_1_185' title='bbox 266 3389 382 3430; x_wconf 75' lang='lat' dir='ltr'><strong>neonus</strong></span> <span class='ocrx_word' id='word_1_186' title='bbox 397 3371 546 3448; x_wconf 83' lang='lat' dir='ltr'><strong>Aragoniae</strong></span> <span class='ocrx_word' id='word_1_187' title='bbox 561 3368 628 3427; x_wconf 88' lang='lat' dir='ltr'><strong>Rex</strong></span> <span class='ocrx_word' id='word_1_188' title='bbox 641 3369 774 3428; x_wconf 85' lang='lat' dir='ltr'><strong>abdicato</strong></span> <span class='ocrx_word' id='word_1_189' title='bbox 787 3389 877 3447; x_wconf 88' lang='lat' dir='ltr'><strong>regno</strong></span> <span class='ocrx_word' id='word_1_190' title='bbox 892 3369 1089 3427; x_wconf 85' lang='lat' dir='ltr'><strong>Monasticnm</strong></span> <span class='ocrx_word' id='word_1_191' title='bbox 1109 3367 1242 3425; x_wconf 90' lang='lat' dir='ltr'><strong>habitum</strong></span> 
     </span>
     <span class='ocr_line' id='line_1_33' title="bbox 286 3463 1342 3526; baseline -0.003 -2"><span class='ocrx_word' id='word_1_192' title='bbox 286 3468 391 3526; x_wconf 88' lang='lat' dir='ltr'><strong>induit.</strong></span> <span class='ocrx_word' id='word_1_193' title='bbox 1273 3463 1342 3521; x_wconf 92' lang='lat' dir='ltr'><strong>ibid.</strong></span> 
     </span>
     <span class='ocr_line' id='line_1_34' title="bbox 245 3561 1240 3642; baseline -0.005 -19"><span class='ocrx_word' id='word_1_194' title='bbox 245 3566 384 3624; x_wconf 74' lang='lat' dir='ltr'><strong>Nrconsr</strong></span> <span class='ocrx_word' id='word_1_195' title='bbox 398 3564 494 3622; x_wconf 70' lang='lat' dir='ltr'><strong>Pam</strong></span> <span class='ocrx_word' id='word_1_196' title='bbox 509 3563 569 3620; x_wconf 92' lang='lat'><strong>111.</strong></span> <span class='ocrx_word' id='word_1_197' title='bbox 592 3562 727 3642; x_wconf 89' lang='lat' dir='ltr'><strong>Epistola</strong></span> <span class='ocrx_word' id='word_1_198' title='bbox 747 3562 783 3620; x_wconf 90' lang='lat' dir='ltr'><strong>ad</strong></span> <span class='ocrx_word' id='word_1_199' title='bbox 799 3561 971 3640; x_wconf 88' lang='lat' dir='ltr'><strong>Philippum</strong></span> <span class='ocrx_word' id='word_1_200' title='bbox 984 3561 1045 3620; x_wconf 91' lang='lat' dir='ltr'><strong>Ill.</strong></span> <span class='ocrx_word' id='word_1_201' title='bbox 1061 3561 1240 3619; x_wconf 87' lang='lat' dir='ltr'><strong>Francorum</strong></span> 
     </span>
     <span class='ocr_line' id='line_1_35' title="bbox 287 3657 1342 3740; baseline -0.003 -23"><span class='ocrx_word' id='word_1_202' title='bbox 287 3660 408 3740; x_wconf 84' lang='lat' dir='ltr'><strong>Regem.</strong></span> <span class='ocrx_word' id='word_1_203' title='bbox 1283 3657 1342 3731; x_wconf 81' lang='lat'><strong>683</strong></span> 
     </span>
     <span class='ocr_line' id='line_1_36' title="bbox 246 3754 1242 3835; baseline -0.002 -21"><span class='ocrx_word' id='word_1_204' title='bbox 246 3757 408 3816; x_wconf 67' lang='lat' dir='ltr'><strong>Atratinus</strong></span> <span class='ocrx_word' id='word_1_205' title='bbox 422 3757 667 3835; x_wconf 86' lang='lat' dir='ltr'><strong>Archiepisoopus</strong></span> <span class='ocrx_word' id='word_1_206' title='bbox 680 3754 896 3833; x_wconf 86' lang='lat' dir='ltr'><strong>Lugdunensis,</strong></span> <span class='ocrx_word' id='word_1_207' title='bbox 915 3757 1000 3832; x_wconf 88' lang='lat' dir='ltr'><strong>jubet</strong></span> <span class='ocrx_word' id='word_1_208' title='bbox 1021 3777 1101 3815; x_wconf 90' lang='lat' dir='ltr'><strong>more</strong></span> <span class='ocrx_word' id='word_1_209' title='bbox 1121 3755 1242 3832; x_wconf 85' lang='lat' dir='ltr'><strong>antiquo</strong></span> 
     </span>
     <span class='ocr_line' id='line_1_37' title="bbox 286 3852 1242 3933; baseline -0.003 -20"><span class='ocrx_word' id='word_1_210' title='bbox 286 3854 547 3933; x_wconf 84' lang='lat' dir='ltr'><strong>Archiepiscopum</strong></span> <span class='ocrx_word' id='word_1_211' title='bbox 568 3854 795 3931; x_wconf 90' lang='lat' dir='ltr'><strong>Lugdunensem</strong></span> <span class='ocrx_word' id='word_1_212' title='bbox 817 3864 847 3912; x_wconf 90' lang='lat' dir='ltr'><strong>et</strong></span> <span class='ocrx_word' id='word_1_213' title='bbox 869 3852 1035 3913; x_wconf 87' lang='lat' dir='ltr'><strong>Eduensem</strong></span> <span class='ocrx_word' id='word_1_214' title='bbox 1052 3853 1242 3932; x_wconf 90' lang='lat' dir='ltr'><strong>Episcopum,</strong></span> 
     </span>
     <span class='ocr_line' id='line_1_38' title="bbox 287 3949 1345 4021; baseline -0.003 -13"><span class='ocrx_word' id='word_1_215' title='bbox 287 3951 409 4009; x_wconf 91' lang='lat' dir='ltr'><strong>alterum</strong></span> <span class='ocrx_word' id='word_1_216' title='bbox 425 3951 545 4010; x_wconf 88' lang='lat' dir='ltr'><strong>alterius</strong></span> <span class='ocrx_word' id='word_1_217' title='bbox 559 3950 655 4010; x_wconf 89' lang='lat' dir='ltr'><strong>sedem</strong></span> <span class='ocrx_word' id='word_1_218' title='bbox 671 3960 819 4009; x_wconf 88' lang='lat' dir='ltr'><strong>vacantem</strong></span> <span class='ocrx_word' id='word_1_219' title='bbox 834 3961 934 4009; x_wconf 88' lang='lat' dir='ltr'><strong>tenere</strong></span> <span class='ocrx_word' id='word_1_220' title='bbox 947 3963 977 4010; x_wconf 91' lang='lat' dir='ltr'><strong>et</strong></span> <span class='ocrx_word' id='word_1_221' title='bbox 991 3951 1201 4009; x_wconf 88' lang='lat' dir='ltr'><strong>administrare.</strong></span> <span class='ocrx_word' id='word_1_222' title='bbox 1285 3949 1345 4021; x_wconf 88' lang='lat'><strong>684</strong></span> 
     </span>
     <span class='ocr_line' id='line_1_39' title="bbox 248 4045 1345 4125; baseline -0.001 -21"><span class='ocrx_word' id='word_1_223' title='bbox 248 4047 404 4105; x_wconf 90' lang='lat' dir='ltr'><strong>Processus</strong></span> <span class='ocrx_word' id='word_1_224' title='bbox 417 4047 534 4106; x_wconf 90' lang='lat' dir='ltr'><strong>habitus</strong></span> <span class='ocrx_word' id='word_1_225' title='bbox 548 4058 649 4106; x_wconf 89' lang='lat' dir='ltr'><strong>contra</strong></span> <span class='ocrx_word' id='word_1_226' title='bbox 662 4048 783 4105; x_wconf 87' lang='lat' dir='ltr'><strong>Petrum</strong></span> <span class='ocrx_word' id='word_1_227' title='bbox 799 4047 909 4125; x_wconf 82' lang='lat' dir='ltr'><strong>Regem</strong></span> <span class='ocrx_word' id='word_1_228' title='bbox 925 4047 1105 4124; x_wconf 83' lang='lat' dir='ltr'><strong>Aragonum.</strong></span> <span class='ocrx_word' id='word_1_229' title='bbox 1274 4045 1345 4104; x_wconf 92' lang='lat' dir='ltr'><strong>ibid.</strong></span> 
     </span>
     <span class='ocr_line' id='line_1_40' title="bbox 248 4142 1346 4222; baseline -0.002 -22"><span class='ocrx_word' id='word_1_230' title='bbox 248 4143 404 4202; x_wconf 89' lang='lat' dir='ltr'><strong>Processus</strong></span> <span class='ocrx_word' id='word_1_231' title='bbox 418 4143 606 4222; x_wconf 89' lang='lat' dir='ltr'><strong>depositionis</strong></span> <span class='ocrx_word' id='word_1_232' title='bbox 620 4156 720 4202; x_wconf 88' lang='lat' dir='ltr'><strong>contra</strong></span> <span class='ocrx_word' id='word_1_233' title='bbox 732 4143 876 4204; x_wconf 91' lang='lat' dir='ltr'><strong>eumdem.</strong></span> <span class='ocrx_word' id='word_1_234' title='bbox 1285 4142 1346 4217; x_wconf 82' lang='lat'><strong>689</strong></span> 
     </span>
     <span class='ocr_line' id='line_1_41' title="bbox 249 4239 1343 4318; baseline 0.001 -22"><span class='ocrx_word' id='word_1_235' title='bbox 249 4239 470 4297; x_wconf 87' lang='lat' dir='ltr'><strong>Testamentum</strong></span> <span class='ocrx_word' id='word_1_236' title='bbox 486 4240 642 4299; x_wconf 70' lang='lat' dir='ltr'><strong>Palmam</strong></span> <span class='ocrx_word' id='word_1_237' title='bbox 658 4240 717 4298; x_wconf 94' lang='lat'><strong>111.</strong></span> <span class='ocrx_word' id='word_1_238' title='bbox 735 4242 913 4300; x_wconf 82' lang='lat' dir='ltr'><strong>Francorum</strong></span> <span class='ocrx_word' id='word_1_239' title='bbox 929 4240 1027 4318; x_wconf 89' lang='lat' dir='ltr'><strong>Regis.</strong></span> <span class='ocrx_word' id='word_1_240' title='bbox 1285 4241 1343 4314; x_wconf 89' lang='lat'><strong>691</strong></span> 
     </span>
     <span class='ocr_line' id='line_1_42' title="bbox 249 4336 1243 4412; baseline 0.001 -19"><span class='ocrx_word' id='word_1_241' title='bbox 249 4336 461 4394; x_wconf 87' lang='lat' dir='ltr'><strong>Monasterium</strong></span> <span class='ocrx_word' id='word_1_242' title='bbox 478 4336 541 4393; x_wconf 87' lang='lat' dir='ltr'><strong>FF.</strong></span> <span class='ocrx_word' id='word_1_243' title='bbox 558 4338 709 4396; x_wconf 91' lang='lat' dir='ltr'><strong>Minorum</strong></span> <span class='ocrx_word' id='word_1_244' title='bbox 731 4338 761 4395; x_wconf 93' lang='lat' dir='ltr'><strong>in</strong></span> <span class='ocrx_word' id='word_1_245' title='bbox 776 4337 876 4396; x_wconf 85' lang='lat' dir='ltr'><strong>Insula</strong></span> <span class='ocrx_word' id='word_1_246' title='bbox 895 4336 1038 4412; x_wconf 85' lang='lat' dir='ltr'><strong>Majorioa</strong></span> <span class='ocrx_word' id='word_1_247' title='bbox 1058 4336 1163 4396; x_wconf 85' lang='lat' dir='ltr'><strong>fundat</strong></span> <span class='ocrx_word' id='word_1_248' title='bbox 1177 4337 1243 4394; x_wconf 83' lang='lat' dir='ltr'><strong>Ar.-</strong></span> 
     </span>
     <span class='ocr_line' id='line_1_43' title="bbox 290 4433 1345 4512; baseline -0.002 -22"><span class='ocrx_word' id='word_1_249' title='bbox 290 4452 407 4492; x_wconf 76' lang='lat' dir='ltr'><strong>eousus</strong></span> <span class='ocrx_word' id='word_1_250' title='bbox 421 4433 590 4512; x_wconf 86' lang='lat' dir='ltr'><strong>Aragonum</strong></span> <span class='ocrx_word' id='word_1_251' title='bbox 608 4435 681 4492; x_wconf 83' lang='lat' dir='ltr'><strong>Rex.</strong></span> <span class='ocrx_word' id='word_1_252' title='bbox 1286 4433 1345 4508; x_wconf 87' lang='lat'><strong>692</strong></span> 
     </span>
    </p>
   </div>
   <div class='ocr_carea' id='block_1_3' title="bbox 0 0 1420 4958">
    <p class='ocr_par' dir='ltr' id='par_1_3' title="bbox 0 0 1420 4958">
     <span class='ocr_line' id='line_1_44' title="bbox 0 0 1420 4958; baseline 0 0"><span class='ocrx_word' id='word_1_253' title='bbox 0 0 1420 4958; x_wconf 95' lang='lat' dir='ltr'><strong> </strong></span> 
     </span>
    </p>
   </div>
  </div>
 </body>
</html>
