2790 4958
430 334 560 398 Balnzii
573 343 601 398 el
614 334 725 398 Manui
738 333 945 398 Mimallones.
1167 338 1237 400 4181

1178 509 1199 555 P
1233 543 1238 555 .

181 587 331 645 fructuum
346 583 615 647 Ecclesiasticorum
636 609 689 667 pro
707 587 834 646 adventu
850 587 974 666 Ruperti
992 588 1080 666 Regis
1101 588 1138 646 ad
1199 523 1231 571 ³ss

183 683 345 741 Romanam
361 684 490 742 Curiam.
1168 685 1238 742 ibid.

140 777 340 837 Atuxsnoar
355 781 408 838 VI.
423 780 565 860 Epistolae
578 780 708 857 quadam
724 779 799 857 Regi
813 790 842 839 et
858 779 978 857 Reginae
994 779 1136 850 Castellae,

181 885 212 932 et
226 876 373 955 Legionis,
389 876 568 954 Aragonum‚
585 876 701 942 Siciliae,
717 887 747 934 et
762 877 907 934 Granatae.
1184 897 1238 935 122

141 973 279 1051 Ejusdem
293 972 486 1030 Auaxsnnnr
503 973 536 1029 P.
548 973 604 1031 VI.
620 973 742 1050 epistola
756 973 792 1030 ad
806 972 940 1030 Carolum
958 973 1136 1031 Francorum

183 1069 304 1147 Regem.
1167 1069 1237 1127 ibid.

143 1165 281 1244 Ejusdem
295 1164 417 1242 epistola
431 1166 467 1223 ad
481 1164 624 1223 eumdem.
1183 1184 1239 1238 124

143 1261 282 1340 Ejusdem
309 1262 346 1319 ad
374 1262 525 1318 Julianum
554 1261 733 1340 Episcopum
762 1262 926 1320 Ostiensem
955 1261 1137 1320 Cardinalem

184 1359 216 1416 S.
233 1358 313 1416 Petri
329 1358 366 1415 ad
380 1357 514 1416 Vincula.
1168 1357 1239 1416 ibid.

141 1455 283 1534 Ejusdem
298 1454 335 1511 ad
347 1454 516 1532 Philippum
533 1454 564 1511 S.
577 1453 659 1511 Petri
673 1465 703 1512 et
713 1454 877 1512 Marcellini
890 1454 1095 1533 Presbyterum
1108 1466 1138 1513 ct

185 1551 367 1608 Cardinalem
384 1551 638 1608 cenomanensem.
1181 1571 1214 1607 12
1219 1569 1234 1626 5

130 1642 275 1704 'Unam
291 1646 330 1704 V.
346 1646 435 1703 Bulla
456 1646 530 1704 circa
553 1645 718 1723 Privilegia‚
733 1646 939 1716 ordinationes
957 1658 1076 1716 statuta,
1093 1649 1136 1704 in-

183 1743 353 1800 novationes
375 1742 588 1819 Religiosorum
610 1752 640 1800 et
657 1742 791 1808 aliorum,
806 1764 870 1800 cum
893 1743 1064 1820 quibusdam
1082 1743 1138 1801 Fa-

184 1838 327 1896 cultatum
343 1838 595 1896 declarationibus.
1169 1841 1239 1898 ibid.

143 1936 306 1993 Gansonrr
322 1935 378 1992 XI.
395 1933 482 1991 Bulla
496 1934 719 2009 praecedentium
735 1934 956 1993 confirmatoria.
1182 1953 1237 2010 127

142 2033 283 2112 Ejusdem
297 2033 411 2089 Littera
426 2031 523 2088 clausa
537 2031 572 2088 ad
590 2031 751 2088 Henricum
767 2031 878 2108 Regem
893 2032 1020 2108 Angliae.
1182 2035 1240 2091 128

143 2131 337 2186 Cnnmenrrs
353 2128 408 2186 Vl.
424 2128 547 2206 epistola
569 2127 748 2186 Provisiouis
769 2148 855 2205 super
870 2129 1018 2195 unctione,
1041 2149 1141 2186 consc-

185 2225 323 2290 eratione‚
339 2233 370 2281 et
384 2223 570 2281 coronatione
585 2223 780 2298 Imperatoris.
1168 2225 1239 2283 ibid.

143 2322 307 2378 Ganoonn
336 2320 411 2376 Xll.
438 2319 559 2376 Litterae
587 2319 771 2377 concedentis
800 2320 1000 2397 Indulgentiae
1028 2320 1138 2378 Arimi-

185 2418 268 2475 nensi
285 2415 460 2474 Cathedrali.
1185 2437 1240 2493 130

143 2515 290 2573 Placitum
313 2515 481 2571 Eccrconrs
505 2512 583 2570 missi
607 2512 733 2570 Othonis
755 2513 779 2569 l.
801 2513 988 2589 Imperatoris
1008 2514 1138 2571 habitum

186 2611 326 2669 Ferraria
340 2629 434 2667 coram
445 2609 534 2666 Petro
548 2608 775 2686 Archiepiscopo
792 2608 961 2666 Rauennate
975 2629 1051 2666 anno
1066 2626 1136 2685 970.
1184 2629 1235 2683 131

143 2707 317 2774 Lunensium
339 2706 546 2764 Monachorum
569 2705 704 2783 Epistola
723 2705 760 2763 ad
782 2704 943 2763 Henricum
967 2707 991 2763 I.
1009 2707 1138 2786 Impera·

184 2815 276 2862 torem
292 2814 392 2862 contra
406 2800 579 2859 Sarabaitas.
1184 2822 1237 2878 132

143 2900 233 2958 Bulla
258 2900 431 2957 Genauam
456 2897 674 2976 Arcbiepiscopi
696 2898 883 2965 Ravennatis,
905 2920 963 2976 qua
988 2899 1138 2959 confirmat

183 2996 393 3053 Monachorum
408 2994 587 3071 quorundam
603 2994 781 3051 donationes.
1167 2997 1239 3055 ibid.

141 3095 163 3151 J
165 3092 313 3151 udicatum
329 3093 416 3150 Lucae
429 3091 560 3148 habitum
575 3111 627 3169 pro
641 3092 782 3148 bonorum
798 3092 918 3150 infantis
933 3092 1082 3151 divisione.
1182 3113 1237 3170 133

142 3189 314 3247 Judicatum
330 3187 483 3245 Missorum
498 3186 705 3264 Imperinlt'nm.
1183 3209 1240 3264 134

142 3287 174 3343 J.
191 3286 232 3344 D.
247 3282 346 3341 Mansi
361 3282 549 3339 Praemonitio
564 3283 616 3339 &c
1184 3301 1237 3360 135

142 3382 307 3439 Gurnnnnr
323 3381 353 3437 S.
366 3379 404 3436 R.
417 3379 455 3435 Ε.
471 3376 555 3435 Card.
572 3376 715 3455 Epistola,
729 3397 786 3453 qua
801 3377 922 3434 Pisanos
940 3381 1138 3437 excommuni-

184 3477 291 3535 cationi
312 3475 420 3542 subdit,
442 3495 494 3552 pro
518 3473 626 3550 injuste
646 3473 767 3531 retentis
788 3473 913 3551 Oppidis
935 3474 1048 3532 Lucani
1064 3477 1137 3554 Epi.

184 3583 328 3651 scopatus.
1169 3574 1239 3631 ibid.

142 3669 194 3727 Ad
217 3668 347 3746 geminas
371 3666 450 3724 Colae
473 3666 510 3724 de
534 3664 647 3722 Rienzo
672 3664 820 3742 Epistulas
844 3665 1030 3722 Praemonitio
1051 3666 1081 3722 J.
1097 3668 1136 3724 D.

184 3763 295 3822 Mansi.
1184 3768 1239 3838 136

142 3859 286 3938 Epistola
314 3859 379 3917 duae
406 3859 543 3916 Nrconnr
571 3876 613 3914 nn
638 3858 843 3921 Linamento,
873 3856 960 3932 vulgo
988 3858 1075 3913 Cana
1104 3877 1138 3914 111

183 3956 318 4013 Rruuzo.
1166 3955 1237 4013 ibid.

141 4054 339 4111 innocuum
355 4051 412 4109 VI.
424 4051 518 4108 Para:
534 4049 668 4130 Epistola
681 4048 717 4107 ad
733 4049 879 4106 Romanos
892 4048 1138 4109 recomandatoria

183 4157 284 4206 contra
297 4149 438 4207 Joaunem
453 4147 488 4205 de
503 4145 588 4204 Vico.
1182 4164 1236 4224 137
