2790 4958
393 297 616 363 EPISTOLA
640 300 704 362 AD
729 299 983 365 LECTOREM.
1200 302 1242 364 vii

144 507 251 576 opera
285 484 504 577 Scriptorum
539 486 866 564 Ecclesiasticorum
904 489 1125 559 continentes
1163 513 1239 580 quae
1308 574 1312 581 Ι

142 626 223 710 post
252 640 391 690 annum
425 617 547 688 salutis
591 639 700 688 muco.
744 642 885 689 excusae
927 627 1019 701 sunt,
1054 621 1239 713 indagavi3

144 772 276 832 omnes,
302 757 343 819 ut
372 771 483 841 spero,
517 757 579 819 aut
609 749 683 820 fere
717 773 848 832 omnes,
878 752 1007 832 inveni,
1038 753 1121 845 ipsis
1150 754 1239 822 meis

143 881 254 950 oculis
274 881 356 964 vidi,
374 881 561 974 diligenter
577 881 703 953 evolvi.
754 881 859 965 Quod
877 882 1020 952 demum
1037 882 1238 952 confectum

143 1020 207 1095 est,
233 1014 299 1083 tibi
327 1013 457 1085 defero.
508 1014 600 1084 Istas
626 1013 862 1084 collectiones
889 1015 1022 1096 ordine,
1039 1022 1081 1083 ut
1106 1014 1237 1096 dicunt,

143 1144 399 1239 chronologico,
417 1146 453 1214 id
480 1154 534 1215 est
559 1148 695 1215 ratione
717 1168 889 1215 annorum
911 1146 1038 1237 quibus
1061 1147 1098 1215 in
1121 1147 1238 1216 lucem

142 1277 357 1367 prodierunt,
374 1277 505 1360 habita,
524 1276 687 1369 disposui.
732 1276 868 1346 Titulos
886 1279 1044 1348 omnium
1061 1281 1237 1371 descripsi,

143 1409 295 1478 editores
311 1411 510 1480 nominavi:
536 1433 577 1480 ac
601 1410 751 1500 denique
770 1410 909 1479 Indices
925 1419 1237 1485 monumentorum

142 1542 179 1610 in
209 1541 355 1636 singulis
388 1550 647 1625 contentorum,
675 1549 737 1611 aut
771 1543 981 1634 transcripsi,
1009 1550 1071 1611 aut
1097 1543 1237 1634 proprio

143 1672 264 1743 Marte
289 1673 436 1744 confeci.
498 1671 771 1744 Observationes
800 1694 897 1742 meas
922 1674 1118 1755 interserui,
1146 1695 1238 1743 raras

141 1813 272 1888 tamen,
290 1829 331 1875 ao
353 1804 561 1897 plerumque
583 1805 813 1874 brevissimas.
867 1802 1027 1873 Gloriam
1053 1806 1148 1873 enim
1173 1806 1239 1873 mi-

141 1937 238 2006 nime
262 1935 400 2007 affecto.
452 1937 491 2006 Si
512 1960 575 2028 per
596 1958 655 2006 me
681 1937 738 2007 via
764 1934 808 2005 ad
833 1935 948 2003 fontes
975 1933 1145 2005 Historiae
1172 1934 1239 2004 Ec-

142 2065 348 2138 clesiasticae
381 2069 579 2160 expeditior
611 2073 742 2159 pateat,
773 2066 991 2135 uberrimum
1024 2064 1147 2136 tulisse
1181 2090 1239 2136 me

141 2197 298 2267 fructum
315 2199 495 2268 industriae
514 2222 606 2269 meae
628 2199 772 2291 putabo,
824 2197 917 2268 Haec
941 2199 1037 2267 enim
1058 2199 1176 2298 studia
1198 2207 1239 2267 ut

142 2329 358 2412 excolantur,
376 2331 428 2399 ita
443 2331 557 2422 cupio,
574 2338 616 2399 ut
633 2331 723 2400 nihil
740 2331 862 2423 magis.

193 2591 291 2661 Dum
318 2593 436 2661 animo
463 2592 670 2684 pendebam,
699 2615 768 2684 quo
799 2601 903 2685 pacto
933 2593 1060 2662 foetum
1091 2595 1241 2686 φιλοπο-

141 2723 208 2796 νίας
241 2745 329 2794 meae
363 2731 483 2792 tecum
517 2725 823 2806 communicarem,
852 2721 964 2793 Alma
997 2746 1077 2793 mea
1108 2723 1238 2804 Mater,

143 2854 363 2926 Universitas
381 2853 601 2938 Oxoniensis,
615 2854 702 2924 mihi
731 2855 903 2947 opitulata
930 2862 994 2938 est,
1012 2862 1119 2955 atque
1145 2853 1239 2924 hunc

142 2995 334 3058 tractatum
362 2986 559 3079 sumptibus
585 2987 655 3056 suis
679 2987 832 3079 imprimi
858 2988 1004 3057 curavit.
1056 2986 1240 3080 Delegatis

143 3119 238 3190 Preli
255 3118 473 3202 Academici,
491 3118 714 3210 amplissimis
731 3116 840 3199 Viris,
858 3119 1030 3187 maximas
1055 3120 1185 3211 gratias
1202 3126 1240 3187 et

141 3273 218 3344 ago,
237 3259 275 3320 et
291 3250 414 3332 habeo,
432 3252 527 3341 quod
543 3272 602 3319 me
618 3257 719 3319 tanto
736 3249 907 3319 beneficio
925 3232 1090 3318 ornarint.
1134 3248 1238 3331 Vale,

144 3381 275 3452 Lector
303 3382 462 3466 candide,
490 3405 531 3451 ac
560 3404 702 3452 mecum
729 3405 813 3479 coqu
843 3405 919 3475 quae
946 3381 993 3451 ud
1012 3406 1133 3476 pacem
1159 3391 1239 3453 aaut

141 3521 346 3594 Jerusalem.
399 3523 632 3594 Gloucestriae
646 3522 769 3592 Idibus
783 3522 964 3613 Septemb.
976 3543 1236 3593 nncccxxxrx.
