2790 4958
344 287 472 352 Balazii
486 296 514 351 et
527 288 637 351 Monoi
651 288 689 350 M
691 287 856 352 iscollcaaz.
1090 292 1154 357 175

1093 457 1114 504 Ρ
1148 491 1154 502 .

44 542 276 600 Testamentum
291 536 458 596 Aonrorssr
473 537 564 616 Regis
578 538 787 616 Hispaniarum
803 539 839 598 ad
855 539 1036 598 Cluniacum.
1115 472 1157 611 Z

45 639 174 696 Donum
189 636 310 694 Anorus
326 634 497 694 Cancellarii
512 636 603 712 Regis
616 634 744 693 Alfonsi.
1116 653 1156 711 45

46 734 172 792 Notitia
185 733 222 792 de
236 733 381 791 calumnia
399 733 633 792 Rothonensium
654 735 866 792 Monachorum
888 753 975 812 super
996 733 1055 792 Ec-

92 831 183 890 clesia
197 830 228 889 S.
239 830 398 889 Salvatoris
411 832 447 888 de
462 830 604 889 Bairiaco.
1085 829 1155 888 ibid.

49 927 173 986 Notitia
187 926 224 987 de
237 926 354 1005 Lingua
369 926 495 985 Balenae.
1084 925 1155 985 ibid.

50 1026 100 1084 De
111 1024 226 1101 judicio
240 1044 293 1100 pro
306 1023 460 1081 Monachis
473 1023 596 1100 Majoris
610 1025 785 1083 Monasterii
800 1025 937 1083 adversus
951 1026 1055 1084 Mona-

94 1121 165 1180 chos
180 1119 213 1180 S.
227 1119 381 1177 Trinitatis
395 1118 431 1178 de
446 1130 544 1178 monte
559 1121 637 1199 apud
652 1121 880 1200 Rothomagum.

51 1219 148 1277 Gesta
161 1216 198 1275 de
214 1215 348 1274 Bairiaco
362 1217 416 1275 sub
430 1216 548 1276 Domno
563 1216 679 1277 Abbate
694 1219 919 1278 Bartholomaco.

52 1315 323 1373 Auctoramentum
338 1312 461 1371 Comitis
477 1315 601 1371 Comaru
615 1313 652 1372 de
665 1316 752 1374 rebus
767 1315 936 1374 Britanniae.

54 1413 225 1469 Hnaacnn
247 1409 387 1488 Episcopi
411 1409 842 1487 Bigorrensis,etBanuenn1
864 1412 987 1469 Comitis
1008 1410 1058 1469 lit·

96 1520 169 1566 terae
191 1506 228 1565 de
250 1505 435 1564 concessione
457 1507 624 1565 monasterii
642 1507 674 1566 S.
690 1507 797 1566 Felicis
811 1520 841 1567 et
856 1509 888 1567 S.
901 1507 1007 1566 Licerii
1022 1507 1059 1565 ad

97 1605 195 1663 locum
210 1602 393 1660 Cluniacum.
1119 1603 1157 1675 48

56 1702 211 1760 Ammonis
240 1699 402 1758 Comitissae
437 1699 590 1758 Tolosanae
624 1702 771 1760 concessio
806 1702 842 1760 de
869 1700 998 1760 Abbatia
1026 1700 1058 1758 S.

99 1796 219 1876 AEgidii.
1090 1797 1160 1856 ibid.

58 1899 245 1972 Praeceptum
260 1895 312 1952 Da
328 1893 489 1952 Suetonio
502 1892 538 1951 de
552 1893 684 1952 Ecclesia
698 1895 729 1953 S.
742 1895 867 1954 Macuti.
1122 1913 1162 1969 49

59 1995 246 2070 Praeceptum
265 1990 302 2050 de
322 1991 368 2049 his
388 2010 453 2067 qnae
475 1990 567 2067 Hugo
586 1990 623 2049 de
646 1991 757 2050 Roceto
777 1991 858 2050 dedit
880 1992 962 2051 nobis
982 1990 1060 2070 apud

102 2087 317 2147 Bellessimum.
1089 2089 1160 2149 ibid.

60 2188 326 2246 Auctoramentum
342 2184 496 2243 Eanannr
512 2185 652 2265 Episcopi
664 2185 910 2244 cenomannensis
925 2186 960 2244 de
975 2186 1061 2244 rebus

102 2302 175 2360 quas
187 2282 326 2341 babemus
341 2282 371 2339 in
385 2282 449 2359 ejus
465 2282 653 2360 Episcopatu.
1124 2300 1163 2359 50

61 2381 111 2438 De
125 2379 259 2437 Ecclesia
273 2378 309 2437 de
324 2376 429 2437 Vilerx
445 2379 548 2436 Karoli
563 2379 678 2456 Magni.
1093 2380 1162 2439 ibid.

62 2475 228 2535 Concordia
251 2475 287 2534 de
311 2476 443 2534 Ecclesia
464 2475 565 2533 Sancti
588 2474 748 2534 Clementis
770 2476 962 2536 Credonensis
984 2479 1060 2537 inter

105 2573 268 2630 Monachus
287 2572 388 2631 Sancti
408 2571 512 2630 Albini
533 2571 754 2649 Andegavensis
774 2584 804 2631 et
823 2573 1063 2643 VindocinenseS,

105 2672 184 2729 facta
198 2670 275 2748 apud
290 2670 450 2727 Carnotum
464 2689 540 2726 anno
554 2668 663 2727 Christi
678 2687 811 2727 mnxxu.
1094 2669 1164 2729 ibid.

65 2767 206 2826 Narratio
220 2765 365 2843 quomodo
380 2786 446 2824 cum
462 2765 561 2823 eadem
577 2767 772 2824 controversia
789 2777 889 2843 postea
901 2767 1063 2827 recruduis·
1144 2816 1147 2826 ,

107 2874 152 2924 set
170 2863 247 2922 inter
267 2862 382 2921 eosdem
398 2863 569 2926 Monachos.
582 2863 719 2921 Urbanus
730 2864 773 2920 ΙΙ.
790 2865 871 2943 Papa
889 2886 971 2923 novae
988 2866 1065 2924 inter

107 2982 158 3020 eos
171 2960 331 3019 concordia
345 2970 445 3018 auctor
459 2960 528 3018 fuit.
1126 2980 1162 3039 51

66 3059 139 3118 Alia
155 3058 294 3116 Narratio
316 3057 353 3116 de
375 3057 474 3116 eadem
496 3058 700 3124 controversia,
723 3070 753 3117 et
775 3059 811 3118 de
829 3059 942 3137 jndicio
956 3059 1066 3118 Arnuti

108 3155 230 3236 Archiep
240 3155 330 3233 iscopi
345 3154 569 3232 Burdegalensis
582 3154 761 3234 Apostolicae
776 3156 860 3215 Sedis
874 3157 987 3234 Legati.
1129 3175 1167 3232 52

68 3255 251 3312 Psscnanrs
265 3252 308 3309 II.
325 3252 417 3310 Pars
439 3251 573 3330 Epistola
594 3252 629 3310 ad
652 3250 897 3312 Archembaldum
921 3252 1067 3312 Abbatem

111 3349 211 3409 Sancti
233 3347 336 3407 Albini
351 3348 580 3426 Andegavensis‚
596 3369 653 3426 qua
674 3350 824 3408 confirmat
841 3350 985 3426 judicium
1009 3350 1067 3408 Ur.

110 3448 178 3506 bani
191 3446 234 3504 11.
247 3446 283 3504 de
298 3445 450 3504 concordia
463 3446 537 3503 inita
550 3446 627 3504 inter
638 3447 798 3505 Monacbos
810 3447 909 3506 Sancti
922 3447 1024 3506 Albini
1039 3459 1068 3508 et

112 3543 352 3602 vindocinenses.
1130 3561 1167 3621 53

117 3747 214 3812 Varia
228 3746 279 3812 De
294 3747 433 3833 Hugone
456 3745 615 3832 Episcopo
637 3747 757 3827 Diensi,
775 3755 808 3813 et
823 3747 1072 3833 Archiepiscopo
1087 3748 1170 3834 Lug·

71 3849 216 3928 dunensi,
233 3848 324 3913 Sedis
339 3849 533 3935 Apostolioae
550 3849 682 3935 Legato.

71 4035 210 4116 Epistola
225 4037 373 4094 Hucours
393 4034 533 4114 Episcopi
548 4035 666 4094 Diensis
679 4034 717 4094 ad
738 4035 901 4094 Rodulfum
916 4034 1071 4116 Archiepi.

114 4152 233 4208 scopum
249 4132 459 4190 Turonensem.
1135 4149 1151 4211 5
1156 4152 1171 4210 3

74 4229 146 4288 Alia
166 4231 291 4308 quadan
314 4229 463 4288 Huoours
484 4228 618 4307 Epistola
642 4228 678 4286 ad
707 4229 840 4288 eumdem
868 4227 1071 4309 Archiepisco-

117 4345 196 4404 pum,
212 4326 262 4401 qui
277 4345 344 4384 eum
358 4325 463 4382 invitat
477 4324 514 4382 ad
529 4324 692 4383 Concilium
708 4325 897 4384 Divionense.
1103 4328 1173 4387 ibid.
