2790 4958
244 303 286 372 76
610 303 758 368 Dantem?
776 303 981 389 Spitt'kpt'mn.

1283 459 1342 521 Pag.

244 540 466 599 Testamentum
479 538 499 595 J
502 556 616 595 oauurs
631 557 672 596 nn
688 539 921 608 buonuauaao,
935 549 966 597 et
979 540 1081 598 uxoris
1094 539 1167 615 ejus.
1285 559 1342 617 757

243 636 406 715 Responsio
421 634 610 694 Praelalorum
624 655 697 713 quos
711 635 839 694 Parisios
852 647 1059 695 convocaverat
1073 637 1146 694 Dux
1162 635 1241 695 Bed-

282 733 393 800 fordiaa,
417 743 451 790 ut
475 733 511 791 ab
533 731 745 792 Ecclesiasticis
767 732 834 790 viris
847 732 947 790 eadem
973 733 1110 801 subsidia,
1135 754 1200 811 quae
1225 755 1242 792 a

282 830 379 888 Laicis
392 830 547 887 obtineret.
1272 830 1342 888 ibid.

243 929 431 986 Praelatorum
454 927 592 986 Ecclesiae
614 926 771 986 Gallicanae
793 926 976 1004 Biturigibus
999 938 1240 1006 congregatorum

282 1025 417 1105 Epistola
444 1024 481 1082 ad
505 1024 683 1083 Francorum
713 1023 834 1102 Regem,
859 1044 917 1102 qua
940 1035 1047 1103 petunt
1071 1045 1101 1085 se
1127 1047 1240 1084 anovo

282 1122 406 1201 quodam
421 1121 550 1181 subsidio
562 1121 686 1180 liberari.
1283 1141 1342 1201 759

243 1219 404 1278 Concordia
424 1219 501 1277 facta
521 1219 598 1277 inter
620 1218 790 1277 Caelestinos
812 1218 1040 1288 Avenionenses,
1063 1231 1093 1279 et
1119 1221 1240 1280 Petrum

283 1317 426 1375 Comitem
443 1315 479 1374 de
493 1315 705 1392 Lneemburgo.
1283 1319 1342 1391 760

242 1416 396 1473 Manrrnr
418 1398 514 1471 Paria
535 1412 595 1470 111.
617 1411 678 1469 sive
693 1410 732 1470 V.
758 1410 894 1490 Epistola
914 1411 950 1469 ad
964 1412 1109 1471 Joannem
1128 1413 1239 1492 Regem

282 1510 425 1569 Castellae.
1282 1513 1338 1585 761

241 1609 381 1689 Ejusdem
396 1606 530 1686 Epistola
543 1605 580 1664 ad
595 1605 732 1664 Carolum
746 1606 800 1664 VI.
816 1606 995 1666 Francorum
1010 1607 1131 1686 Regem.
1269 1608 1340 1667 ibid.

241 1704 381 1783 Ejusdem
396 1703 531 1783 Epistola
545 1702 582 1760 ad
595 1703 720 1760 Mariam
734 1702 877 1781 Reginam
892 1703 1084 1764 Francorum.
1269 1705 1340 1764 ibid.

243 1800 365 1860 Consilii
380 1798 558 1858 Basileensis
574 1797 708 1877 Epistola
722 1797 760 1856 ad
773 1799 934 1857 Monachos
949 1797 1164 1858 Cluniacenses.
1268 1800 1340 1859 ibid.

242 1897 381 1976 Ejusdem
395 1894 531 1975 Epistola
544 1895 581 1953 ad
596 1894 772 1954 Rodericum
788 1895 933 1953 Comitem
948 1895 984 1954 de
995 1893 1213 1954 Villandrando.
1282 1900 1339 1972 762

242 1995 323 2053 Idem
347 1994 499 2073 pecuniam
524 2005 656 2051 mutuam
683 1993 789 2072 accipit
813 2013 830 2050 a
852 1992 967 2051 Joanne
990 1993 1103 2052 Abbate
1128 1992 1239 2052 Cister-

282 2091 381 2149 ciensi.
1269 2089 1340 2148 ibid.

242 2188 412 2247 Euonnrus
427 2187 514 2244 Pars
529 2185 587 2245 IV.
603 2185 790 2244 Academiam
806 2184 1016 2245 Cadomensem
1031 2185 1128 2264 erigit.
1269 2186 1340 2244 ibid.

241 2285 320 2344 Janr
347 2304 389 2342 os
413 2286 666 2343 Caurornnooso
689 2281 883 2341 dannensium
908 2282 1011 2349 Ducis,
1041 2281 1177 2361 Epistola
1202 2282 1240 2341 ad

283 2381 419 2440 Carolum
434 2380 510 2440 v11.
527 2381 705 2439 Francorum
721 2379 843 2458 Regem.
1283 2382 1339 2455 763

242 2483 365 2538 ennom
379 2479 453 2537 VII.
471 2478 605 2558 Epistola
619 2478 655 2536 ad
671 2477 852 2537 Fridericum
868 2476 980 2555 Regem
995 2477 1204 2536 Romanorum.
1283 2479 1342 2553 764

241 2578 349 2636 Literae
366 2576 487 2636 Consilii
500 2575 682 2643 Basileenair,
706 2575 812 2652 quibus
835 2573 941 2632 Ordini
963 2573 1148 2633 cisterciensi
1168 2575 1239 2633 inti.

282 2684 399 2731 mantur
412 2673 489 2731 facta
502 2683 603 2731 contra
618 2672 785 2750 Eugenium
802 2673 907 2750 Papam
923 2671 977 2729 IV.
1089 2728 1092 2732 ,
1124 2710 1128 2717 -
1270 2671 1340 2730 ibid.

243 2771 362 2829 Csnonr
379 2769 449 2827 VII.
473 2770 649 2828 Francorum
675 2768 765 2846 Regis
789 2768 885 2827 foedus
906 2788 971 2827 cum
993 2768 1105 2846 aliquot
1124 2768 1237 2828 Princi-

283 2868 369 2946 pibus
383 2867 511 2945 lmperii.
1281 2868 1336 2943 765

243 2964 358 3023 Nobilis
371 2963 521 3042 cujusdam
540 2962 618 3020 Galli
633 2963 768 3041 Epistola
782 2964 818 3022 ad
834 2964 1001 3042 Eugenium
1018 2963 1127 3043 Papam
1142 2964 1197 3024 IV.
1283 2965 1341 3040 766

242 3061 292 3120 Ad
314 3060 447 3118 eumdem
463 3058 598 3138 Epistola
615 3059 738 3118 (lunoni
754 3059 830 3119 v11.
845 3059 882 3119 de
905 3060 1054 3119 fidelitatis
1065 3048 1068 3053 ⁴
1072 3061 1239 3138 juramento

282 3156 361 3234 quod
375 3156 429 3214 sibi
445 3155 563 3214 Praelati
576 3176 676 3214 omnes
690 3168 826 3235 proestare
840 3157 956 3217 debent.
1269 3159 1340 3218 ibid.

245 3254 429 3312 Baunnrc'rr
452 3271 494 3310 ns
512 3252 632 3311 Aurana
648 3253 754 3312 Classis
769 3253 947 3312 Francorum
965 3254 1056 3332 Regis
1075 3255 1238 3335 Capitanei,

283 3349 415 3429 Epistola
428 3350 465 3408 ad
480 3350 664 3410 Protectores
678 3350 709 3408 S.
719 3350 849 3429 Georgii.
1270 3354 1340 3412 ibid.

244 3448 365 3506 ciaon
380 3446 451 3504 VII.
469 3447 560 3524 Regis
575 3447 753 3506 Francorum
768 3448 890 3506 Summo
905 3448 1053 3508 Pontifici.
1283 3453 1340 3527 767

245 3544 382 3622 Ejusdem
395 3543 499 3602 eidem.
1270 3550 1341 3608 ibid.

244 3640 384 3720 Ejusdem
399 3641 429 3698 S.
441 3641 478 3699 R.
489 3641 526 3699 E.
543 3640 754 3700 Cardinalibus.
1271 3645 1340 3704 ibid.

244 3737 384 3796 Nrconar
410 3737 505 3795 Parin
528 3735 567 3795 V.
594 3736 729 3816 Epistola
753 3736 790 3794 ad
812 3736 948 3796 Carolum
964 3738 1037 3797 VII.
1057 3738 1238 3798 Francorum

285 3833 405 3911 Regem.
1269 3836 1341 3895 ibid.

245 3931 461 4006 Propositiones
475 3930 513 3989 ad
527 3930 720 3990 dirimendum
736 3930 867 3990 Schisma
887 3942 1019 4010 tempore
1033 3932 1159 3992 Amedei
1179 3934 1240 3993 sive

284 4027 387 4085 Felicis
397 4027 484 4105 Papae
494 4026 550 4086 IV.
566 4038 712 4091 exortum.
727 4048 760 4086 ac
774 4048 875 4106 pacem
884 4029 1024 4088 Ecclesia
1038 4029 1255 4088 conciliandam.
1283 4033 1342 4106 768

242 4123 319 4180 Aliae
334 4124 544 4200 propositiones
559 4125 595 4183 ad
610 4125 770 4202 cogendum
785 4124 949 4185 Concilium
965 4127 1117 4187 Generale.
1175 4161 1176 4165 κ
1283 4146 1342 4204 770

242 4220 385 4278 Mandata
404 4221 516 4299 aRege
536 4221 603 4280 data
624 4221 685 4281 suis
705 4222 825 4299 Legatis
846 4243 900 4301 pro
920 4243 991 4301 pace
1010 4223 1149 4283 Ecclesia
1170 4245 1238 4283 con.

283 4314 415 4373 cilianda.
1282 4336 1337 4397 771
