2790 4958
431 307 585 375 uanus
600 309 800 396 mappam
1009 244 1012 251 Ι
1120 316 1162 379 aa

76 542 292 603 confirmantur
305 544 380 604 dona
393 545 532 607 Ecclesia
547 549 751 628 Rotomageusi
766 550 799 610 S.
808 551 939 611 Audoem
953 553 1038 612 facta.
1100 469 1160 626 idi

75 639 223 699 Fundatio
236 641 370 701 Abbatiae
388 643 453 702 ΒΒ.
468 645 591 704 Martini
616 657 646 706 et
659 646 799 726 Wulgani
819 648 857 707 de
877 648 968 728 Siggi,
983 649 1059 726 ejus·

114 735 237 814 demque
251 738 368 798 traditio
383 739 588 819 Rotomageusi
602 741 740 802 Ecclesia
754 743 786 802 S.
798 743 945 805 Audoe'ni.
1089 746 1159 806 ibid.

74 832 223 892 Haualcr
245 834 421 894 Francorum
440 836 529 915 Regis
542 836 689 917 Diploma‚
704 859 761 916 quo
781 840 918 918 injustam
938 861 1059 901 consuc-

155 930 284 990 tudiuem
299 931 330 988 in
343 933 414 991 urbe
427 931 630 994 Aurelianensi
643 936 770 1014 abrogat.
1098 957 1155 1014 401

74 1026 238 1086 Wmosm
252 1049 268 1086 e
282 1029 428 1087 Monacbo
444 1029 578 1090 Abbatiae
599 1032 635 1091 de
650 1033 743 1092 Cruce
763 1034 794 1094 S.
802 1035 942 1095 Leufredi
956 1035 1060 1096 Archi·

113 1126 240 1204 episcopi
254 1125 406 1193 Aversaui,
421 1128 554 1206 Epistola
574 1128 611 1188 ad
631 1129 791 1199 Erfastum,
807 1131 843 1190 de
864 1131 929 1191 Deo
949 1151 1010 1192 uuo
1029 1144 1059 1193 et

113 1224 200 1282 trino.
1088 1231 1157 1293 ibid.

73 1321 243 1390 Ecclesiam,
268 1323 327 1382 sive
351 1324 562 1384 Monosterium
587 1325 618 1384 S.
639 1325 779 1401 Stephani
801 1327 943 1386 instaurat
965 1327 1059 1387 Huoo

113 1417 302 1479 Nivernensis
316 1421 487 1499 Episcopus,
502 1432 589 1499 atque
602 1422 642 1481 ibi
656 1422 816 1482 canonicos
828 1424 964 1483 instituit.
1097 1443 1158 1499 404

73 1514 267 1594 Indulgentiae
279 1517 477 1577 conceduntur
490 1518 521 1576 in
534 1519 747 1578 consecratione
761 1518 899 1579 Ecclesia
913 1520 944 1580 S.
954 1521 1058 1579 Mariae

113 1612 150 1671 de
165 1615 301 1680 Correm,
317 1615 363 1673 cui
376 1615 516 1673 nonnulla
528 1613 682 1675 donantur.
1097 1636 1136 1693 40
1138 1635 1154 1695 5

72 1710 233 1771 Ecclesiam
248 1712 278 1771 S.
288 1712 431 1782 Machuti,
444 1723 474 1771 et
486 1712 627 1771 nonnulla
640 1711 749 1773 donant
759 1713 1062 1791 Majori.Monasterio
1149 1750 1152 1757 ,

113 1806 287 1868 &suasus
300 1828 342 1866 mr
358 1809 521 1868 Susuuuro
533 1822 564 1869 et
577 1829 650 1868 uxor
664 1810 727 1887 ejus
741 1810 906 1869 Hnnuusu.

72 1904 205 1963 Ecclesia
219 1905 250 1964 S.
259 1907 361 1965 Maria
381 1906 416 1964 de
430 1905 514 1964 Valle
535 1918 725 1974 cousecratur,
740 1927 773 1966 ac
787 1907 904 1966 dotatur
918 1929 934 1966 a
948 1908 1060 1967 Banna

112 2003 233 2080 virgine.
1097 2025 1154 2082 407

71 2098 216 2158 Annous1
232 2101 436 2180 Hispaniarum
447 2101 536 2179 Regis
550 2101 683 2180 Epistola
696 2101 733 2161 ad
746 2102 903 2181 Hugonem
912 2102 1056 2164 Abbatem

112 2196 339 2258 Cluniacensem.
1086 2201 1155 2262 ibid.

71 2295 221 2355 Huoours
233 2294 358 2354 Abbatis
372 2296 569 2356 Cluniacensis
594 2295 711 2355 Statuta
734 2297 765 2354 in
785 2297 904 2374 gratiam
926 2298 1055 2374 ejusdem

111 2391 237 2451 Alfonsi.
1096 2398 1155 2470 408

71 2489 211 2568 Ejusdem
234 2489 370 2569 Hugonis
393 2490 542 2550 Statutum
566 2493 597 2548 in
620 2492 740 2569 gratiam
764 2491 913 2549 Lamberti
934 2489 1056 2550 Abbatis

112 2587 142 2644 S.
158 2587 281 2645 Bertini.
1081 2588 1153 2647 ibid.

70 2685 286 2744 Tusoasunus
312 2685 487 2743 Francorum
509 2685 613 2745 Comes
632 2685 791 2752 Palatinus,
807 2684 939 2743 Odonem
963 2684 1054 2744 filium

109 2782 159 2841 dat
181 2781 352 2841 salutaribus
371 2782 453 2859 aquis
474 2782 648 2845 abluendum
669 2783 790 2860 Hugoni
813 2779 924 2840 Abbati
937 2781 1054 2840 Clunia·

109 2880 196 2947 censi,
210 2879 293 2957 eique
306 2880 485 2938 Monasterio
499 2879 663 2938 Cossiacnm
677 2879 773 2937 donat.
1084 2880 1153 2938 ibid.

68 2978 254 3035 Gnavasws
265 2976 424 3035 Ecclesiam
436 2975 667 3053 S.Guiugualoci
681 2975 730 3034 dat
742 2975 1053 3052 Majori-Mouasterio,

108 3073 211 3131 amotis
224 3072 292 3132 inde
307 3073 468 3131 Canonicis.
1094 3090 1153 3148 409

68 3169 255 3228 Praebendam
279 3169 413 3228 Ecclesiae
435 3189 493 3229 suae
517 3169 629 3228 confert
647 3168 799 3229 Monachis
816 3166 1053 3228 Cluniaceusibus

107 3265 263 3324 Alcinous
278 3267 442 3344 Episcopus
457 3265 653 3324 carnutensis.
679 3303 683 3315 ι
835 3310 838 3315 >
1093 3284 1152 3340 4¹0

68 3364 232 3422 Gauoosn
250 3363 345 3422 Pam
360 3362 433 3423 VII.
457 3362 522 3437 (aut
544 3363 620 3421 forte
641 3362 697 3422 IX.
718 3373 752 3421 ut
774 3364 944 3441 conjiciebat
964 3361 1053 3421 Balu·

107 3459 185 3536 zius)
201 3457 336 3536 Epistola
349 3458 386 3516 ad
400 3457 532 3518 dominos
545 3457 671 3535 Nigellae
685 3469 715 3516 et
729 3459 827 3517 Bovae.
1083 3457 1151 3517 ibid.

67 3558 287 3616 Huaranuuus
300 3556 544 3616 Viromandorum
561 3557 664 3616 Comes
681 3555 748 3633 jura
770 3571 800 3617 et
823 3558 971 3618 libertates
989 3558 1052 3616 Ab.

107 3655 191 3713 batiae
206 3655 238 3714 S.
248 3655 381 3730 Praejecti
396 3654 427 3712 in
440 3655 510 3712 urbe
525 3653 555 3711 S.
568 3654 704 3726 Quintini
718 3656 826 3714 asserit.
1081 3653 1150 3712 ibid.

67 3752 285 3810 Gurnuunnns
313 3750 479 3827 Aquitaniae
508 3751 578 3808 Dux
601 3752 810 3811 Mouasterium
840 3752 872 3811 S.
891 3752 993 3809 Mariae
1019 3750 1052 3809 iu

106 3849 243 3908 suburbio
258 3848 421 3906 Pictavensi
435 3848 592 3914 fundatio
606 3867 690 3905 usum
705 3848 915 3906 Monachorum
931 3847 1048 3906 Clunia-

106 3947 243 4006 censium.
1091 3963 1147 4019 411

66 4044 277 4101 Raorrsnaous
304 4044 334 4099 in
357 4042 486 4100 Concilio
510 4041 764 4120 Augustodunensi
789 4043 1052 4100 excommunicatus

104 4139 241 4216 injustam
255 4138 492 4197 consuetudinem
507 4138 637 4196 dimittit.
1081 4139 1149 4197 ibid.

63 4235 223 4295 Ecclesiam
243 4236 275 4293 in
293 4247 386 4294 castro
404 4235 440 4294 de
454 4235 586 4293 Avalone
604 4233 692 4293 donat
711 4235 862 4295 Monachis
877 4234 1050 4293 Cluuiaceu-

104 4332 184 4391 sibus
198 4331 293 4391 Huoo
306 4332 484 4411 Burgundios
498 4332 578 4390 Dux.
908 4354 911 4359 ¹
1091 4352 1149 4406 4¹2

581 4446 635 4500 u4
