2790 4958
265 313 308 375 44
618 308 767 374 Docta&
787 309 992 396 Spioilepmm.

265 531 429 590 Concilium
444 529 611 590 senonense
624 530 692 588 anni
706 548 894 590 mcnuxxxv.
907 529 1033 589 Presids
1044 530 1200 590 Tristando
1214 531 1251 591 de

306 628 422 687 Salaaar
436 626 672 706 A1chiepiwopo.
1296 648 1312 707 7
1316 649 1349 708 51

317 783 438 849 Vetera
448 782 535 847 Acta
548 782 591 847 ad
602 781 775 848 Concilium
786 781 939 847 Pisanum
952 781 1154 868 pertinentia,
1169 783 1300 865 scilieet,

265 944 463 1005 Cardinalium
489 944 539 1022 qui
569 943 719 1002 Urbanum
740 943 797 1002 vl.
826 944 935 1024 Papam
964 943 1065 1003 Rome
1092 944 1249 1024 elegerant,

306 1041 439 1122 Epistola
453 1040 490 1099 ad
504 1039 671 1100 cardinales
684 1041 733 1118 qui
746 1040 899 1100 Avenione
913 1053 1115 1101 remanserant.

265 1141 461 1204 Cardinalium
482 1140 532 1218 qui
554 1139 590 1198 ab
603 1139 723 1198 Urbano
737 1139 817 1219 Papa
831 1139 888 1198 VI.
911 1139 1100 1209 desciverant,
1118 1142 1251 1222 Epistola

258 1259 262 1265 ·
305 1239 342 1299 ad
356 1239 452 1318 Reges
465 1258 497 1296 ac
512 1236 670 1316 Principes.

266 1335 443 1395 Eorumdem
459 1332 593 1414 Epistola
606 1332 643 1390 ad
656 1331 842 1392 Academiam
857 1333 1056 1394 Parisiensem.

266 1436 401 1494 Srsrorus
422 1452 463 1491 na
486 1432 659 1497 Baossamo,
677 1430 707 1488 S.
719 1431 756 1489 R.
768 1430 805 1488 Ε.
822 1431 983 1491 Cardinalis
1002 1432 1089 1511 vulgo
1107 1433 1249 1493 Mediola-

304 1531 410 1597 nensis,
425 1527 590 1588 Declaratio
610 1527 641 1585 in
662 1529 755 1586 Causa
773 1527 950 1597 Schismatis,
969 1529 1039 1588 dum
1063 1530 1094 1588 in
1114 1531 1251 1590 extremis

304 1636 410 1708 ageret.
1281 1629 1350 1688 ibid.

265 1727 437 1785 Bormanon
452 1723 547 1781 Para
562 1720 618 1779 IX.
632 1721 739 1780 Literae
753 1721 789 1781 ad
803 1721 952 1782 universos
966 1723 1092 1782 Fideles.
1293 1728 1351 1802 766

265 1823 402 1904 Ejusdem
417 1819 504 1879 Bulla
518 1820 554 1879 ad
568 1819 705 1879 Carolum
720 1819 830 1899 Regem
845 1820 1030 1880 Francorum.
1293 1826 1351 1900 768

265 1920 334 1979 Alia
348 1919 472 2000 ey'usdem
487 1917 572 1976 Bulla
585 1916 621 1975 ad
635 1917 779 1976 eumdem.
1293 1925 1351 2000 769

265 2017 403 2076 Narratio
417 2015 453 2074 de
462 2015 621 2093 Legatione
631 2013 813 2073 Avenionem
828 2016 913 2074 missa
927 2017 963 2074 ab
978 2016 1058 2095 Rege
1070 2016 1256 2086 Francorum,

305 2124 371 2194 post
385 2114 512 2171 Mortem
527 2111 685 2171 Clementis
699 2111 786 2188 Papae
795 2111 868 2170 v11.
1293 2133 1350 2195 770

265 2213 385 2270 Canem
401 2210 490 2287 Regis
501 2208 677 2267 Francorum
693 2208 834 2287 Epistola
846 2208 911 2267 dua
925 2210 962 2268 ad
976 2209 1137 2289 Collegium
1149 2213 1250 2271 Cardi.

306 2307 425 2377 nalium,
439 2305 489 2383 qui
505 2305 657 2364 Avenione
670 2305 864 2364 morabantur.
1281 2311 1350 2371 ibid.

266 2405 405 2464 Narratio
426 2404 463 2463 de
482 2402 634 2462 Electione
656 2402 737 2461 Petri
758 2401 795 2460 de
814 2402 907 2470 Luna,
931 2404 981 2482 qui
1005 2426 1035 2464 se
1057 2405 1251 2466 Benedictum

305 2500 493 2580 nuncupavit.
1293 2524 1346 2582 77¹

260 2599 423 2659 Academia
439 2597 614 2656 Purisiensis
628 2596 763 2676 Epistola
776 2598 811 2656 ad
826 2599 1017 2659 Benedictum
1033 2602 1150 2680 Papam.
1294 2620 1350 2680 772

266 2695 404 2755 Narratio
417 2714 516 2754 eorum
531 2714 595 2772 quae
608 2704 672 2752 acta
685 2705 753 2753 sunt
772 2695 803 2752 in
817 2694 1046 2775 Congregatione
1061 2697 1249 2758 Praelatorum

306 2792 433 2852 Parisiis.
1292 2815 1348 2875 773

267 2889 424 2949 Academia
440 2887 616 2946 Porisienais
631 2889 765 2968 Epistola
779 2889 815 2947 ad
830 2889 965 2950 Carolum
982 2892 1101 2971 Regem.
1292 2898 1350 2972 776

198 3013 201 3016 >
268 2986 363 3046 Stadii
380 2983 553 3044 Coloniensis
566 2983 701 3063 Epistola
714 2984 749 3042 ad
765 2983 949 3043 Academiam
965 2986 1163 3046 Parisiensem.

267 3081 424 3142 Academia
440 3079 616 3139 Parisiensis
631 3081 799 3160 Responsio.

268 3180 404 3262 Ejusdem
420 3176 553 3258 Epistola
566 3177 602 3236 ad
617 3177 797 3238 Clementem
811 3180 920 3259 Papam
932 3181 1004 3239 v11.

267 3285 404 3366 Ejusdem
419 3281 552 3362 Epistola
566 3281 603 3341 ad
617 3283 793 3343 Cardinales.

267 3384 387 3443 Canem
403 3381 492 3458 Regis
511 3379 644 3460 Epistola
664 3380 700 3439 ad
722 3381 911 3453 Clementem,
932 3383 1016 3442 aliam
1038 3387 1161 3465 ejusdem
1176 3387 1250 3467 Epi.

306 3479 407 3540 stolam
422 3478 459 3537 ad
473 3478 623 3537 Iatrusum
637 3481 797 3538 continens.
1278 3487 1347 3546 ibid.

267 3576 424 3638 acosma
446 3575 623 3634 enarrata
643 3575 777 3655 npisou
798 3576 835 3634 aa
849 3577 1015 3638 cannales
1038 3592 1104 3660 poa
1120 3562 1249 3642 Monet

306 3674 474 3735 Clementis.
1293 3684 1351 3758 786

266 3775 437 3833 Boarracn
453 3772 540 3852 Papae
554 3769 688 3850 Epistola
701 3769 738 3829 ad
752 3770 912 3830 Consilium
928 3772 1017 3851 Regis
1031 3773 1218 3835 Eancorum.
1292 3781 1349 3856 787

267 3869 401 3951 Ejusdem
417 3867 551 3948 Epistola
563 3866 600 3926 ad
615 3866 792 3924 Francorum
808 3866 928 3946 Regem.
1279 3875 1350 3937 ibid.

267 3968 452 4025 Basanon
467 3964 558 4022 XIII.
573 3962 707 4043 Epistola
721 3964 746 4022 1.
768 3962 805 4022 ad
818 3962 1004 4024 Academiam
1020 3966 1220 4029 Parisiensem.
1279 3973 1349 4035 ibid.

267 4061 424 4122 Academia
439 4060 616 4119 Porisiensis
630 4060 763 4139 Epistola
776 4059 813 4118 ad
827 4060 1003 4122 Cardinales.
1293 4073 1350 4148 788

266 4160 452 4218 Bnnnnrcrr
477 4156 570 4215 XIII.
598 4156 688 4216 altera
714 4156 849 4236 Epistola
870 4157 907 4217 ad
934 4158 1120 4222 Academiam
1141 4162 1247 4224 Parisi-

306 4276 413 4316 ensem.
1279 4263 1350 4325 ibid.

267 4352 405 4413 Narratio
438 4360 468 4408 et
503 4348 580 4407 Acta
613 4349 802 4409 celeberrima
838 4350 1004 4431 Legationis
1036 4355 1073 4413 ad
1108 4357 1249 4419 Benedic-

307 4460 369 4507 tum
386 4446 476 4506 XIII.
494 4447 586 4506 misse
600 4468 617 4506 a
631 4448 735 4507 Carolo
749 4448 803 4509 v1.
818 4449 995 4509 Francorum
1010 4450 1100 4533 Rege.
1294 4460 1351 4536 789
