2790 4958
344 315 474 384 Boot
486 323 515 382 ot
528 314 638 380 Manui
650 312 859 379 Munium.

52 578 204 636 Executio
221 577 373 636 sententiar
387 586 487 635 contra
500 577 640 653 quosdam
653 574 803 633 hoereticos
816 573 882 632 latae
896 574 933 634 ab
947 573 1051 632 Archi·

96 677 227 755 episcopo
240 675 424 735 Narbonensi
445 686 476 733 et
495 674 516 732 J
518 692 648 732 oflensa
671 692 713 730 nn
738 673 854 730 Bnuus
876 671 1054 748 Inquisitore

95 774 238 831 haereticae
252 771 413 851 pravitatis.

53 871 171 929 Littera
184 869 394 943 Magistrorum
409 867 438 924 in
457 865 621 946 molegio,
637 866 688 943 qui
702 865 839 925 articulos
860 875 1005 924 extractos
1018 864 1055 924 de

96 966 215 1046 postilla
236 965 318 1024 Petri
339 963 482 1022 Johannis
503 963 585 1023 Olivi
607 963 752 1040 quondam
767 962 888 1021 Ordinis
904 961 1057 1020 Minorum

96 1064 174 1121 facts
195 1081 281 1141 super
296 1059 474 1139 Apocalypsi
496 1059 651 1138 diligenter
671 1060 918 1127 examinaverunt,
934 1071 964 1118 et
978 1059 1056 1138 ipsos

96 1170 156 1218 tam
171 1158 348 1224 temerarios,
364 1177 449 1234 quam
464 1157 615 1216 hereticos
625 1157 841 1234 judicaverunt.

52 1258 75 1315 J
77 1256 207 1314 udicinm
220 1252 374 1312 duodecim
388 1253 600 1332 Magistrorom
615 1255 644 1312 in
663 1254 818 1333 Theologio
832 1263 858 1313 et
876 1255 905 1313 io
922 1255 1055 1314 Decretis
1078 1254 1082 1263 '

97 1354 134 1412 de
147 1353 251 1411 iisdem
265 1351 404 1412 articulis.

55 1451 134 1509 Item
157 1448 236 1507 aliud
256 1449 396 1526 scriptum
418 1458 519 1507 contre
537 1447 695 1507 doctrinam
718 1449 748 1505 iu
767 1449 896 1508 articulis
917 1449 976 1508 illis
997 1460 1056 1508 tra·

98 1547 199 1606 ditam.

57 1645 214 1702 Tractatus
228 1653 329 1702 contre
345 1643 503 1722 Beguinos,
518 1654 549 1701 et
563 1642 681 1702 Fratres
702 1643 836 1703 Minores
849 1645 900 1721 qui
921 1643 1057 1704 dicuntur

98 1739 274 1819 spirituales.

57 1839 136 1896 Item
154 1835 228 1894 nlius
246 1835 401 1895 Tractatus
422 1835 559 1894 adversus
580 1835 706 1904 eosdem,
726 1847 853 1907 anctore,
873 1849 908 1896 ut
930 1838 1056 1906 videtur,

97 1935 119 1992 J
121 1952 254 1992 onerum
269 1952 312 1992 uu
329 1934 454 2004 Brenno,
470 1933 648 2011 Inquisitore
662 1934 892 1993 carcassonensi.

58 2029 188 2089 Articuli
208 2031 411 2108 probationum
435 2039 536 2088 contra
556 2030 676 2088 fratrem
700 2030 876 2089 Ubertinum
901 2031 938 2091 de
962 2031 1058 2092 Casuli

98 2127 283 2185 inducturum
298 2147 316 2184 s
327 2127 417 2185 fratre
432 2126 617 2204 Bonagratia.

59 2221 222 2302 Responsio
244 2223 342 2281 fratris
367 2221 534 2280 Ussunnn
557 2241 600 2280 us
623 2223 741 2280 crsrm
764 2223 884 2283 Ordinis
906 2225 1058 2285 Minorum

100 2323 176 2380 circa
196 2320 385 2397 quaestionem
407 2319 444 2378 dc
464 2329 636 2399 paupertate
657 2319 765 2379 Christi
786 2332 816 2379 et
838 2320 1057 2399 Apostolorum,

100 2420 178 2477 facta
191 2439 287 2477 coram
301 2419 322 2476 J
323 2418 436 2476 ohanne
449 2418 520 2476 xxii.
535 2418 614 2497 apud
627 2417 803 2477 Avinionem
817 2418 846 2477 in
862 2419 1050 2481 Consistorio.

60 2517 195 2574 Examen
206 2515 344 2592 judiciale
358 2514 506 2574 Francisci
520 2516 625 2574 Veneti
639 2516 754 2576 asseclae
769 2516 883 2575 Massili
897 2517 933 2575 de
948 2519 1058 2578 Padua.

61 2613 195 2670 Examen
214 2612 353 2689 judiciale
367 2612 466 2671 fratris
487 2613 635 2671 Francisoi
648 2612 685 2672 de
700 2612 810 2671 Esculo
823 2613 943 2673 Ordinis
957 2616 1057 2675 Mino·

101 2730 176 2767 rum.

59 2807 219 2865 Luuovrcr
229 2807 283 2865 IV.
299 2805 404 2865 Bavari
419 2807 493 2884 Imp.
505 2806 658 2865 submissio
671 2807 749 2865 fecta
763 2806 908 2866 Clementi
919 2809 970 2867 VI.
983 2830 1059 2868 anuo

101 2921 273 2961 ucocxmv.

61 3002 183 3059 Veteres
196 2998 320 3059 Litsniae
335 2998 474 3058 Ecclesioe
489 2999 713 3059 Bellovscensis.

61 3096 111 3154 Ex
125 3097 216 3155 Libro
231 3097 404 3155 Brennum
417 3097 579 3155 Guruorus
594 3096 734 3176 Episcopi
748 3097 928 3159 Lodoveusis
942 3101 979 3160 de
993 3101 1061 3163 viris

103 3193 265 3253 illustribus
280 3192 401 3254 Ordinis
415 3194 552 3251 Fratrum
568 3194 795 3254 Praedicatorum
810 3196 880 3255 MS.

60 3291 150 3350 Bulla
167 3291 188 3348 J
190 3308 331 3349 onerarem
347 3291 443 3349 Pium
457 3289 565 3348 XXII.
586 3290 623 3349 de
644 3292 808 3370 privatione
830 3294 928 3353 fratris
948 3296 1062 3355 Isuardi

102 3387 173 3446 olim
202 3387 376 3447 Patriarchae
401 3386 579 3446 Antiocheni
602 3398 633 3446 et
655 3387 896 3450 administratoris
923 3393 1062 3452 Ecclesiae

104 3482 263 3562 Papieusis.

61 3585 187 3642 Errores
210 3590 295 3639 sectae
322 3581 472 3639 hominum
497 3581 707 3660 intelligentiae‚
732 3595 762 3642 et
788 3604 939 3663 processus
967 3588 1062 3647 factus

10 3675 11 3682 '
103 3688 204 3739 contra
217 3678 336 3736 fratrem
347 3677 531 3736 Willelmum
545 3677 582 3737 de
597 3678 795 3738 Hildenissem
809 3683 994 3742 Carmelitam
1009 3705 1061 3764 per

105 3776 227 3834 Petrum
239 3772 276 3832 de
287 3772 403 3832 Alliaco
415 3774 594 3854 Episcopum
610 3775 845 3837 cameracensem
861 3799 937 3838 anno
952 3780 1061 3839 Christi

103 3889 247 3930 uccccxr.

61 3966 193 4026 Articuli
208 3966 403 4026 Nominoliom
417 3966 505 4026 oblati
521 3968 672 4027 Ludovico
687 3969 744 4026 XI.
761 3970 835 4048 Regi
851 3991 927 4030 anno
942 3990 1028 4049 1473.

62 4064 227 4144 Opinioncs
247 4063 308 4123 sive
331 4064 495 4142 Signaturoe
521 4065 674 4124 Doctorum
702 4067 918 4137 Porisieosium,
940 4091 1063 4148 quarum

104 4161 139 4220 fit
153 4161 264 4221 mentio
278 4161 309 4218 in
323 4161 520 4240 superioribus
534 4161 686 4221 Articulis.

64 4257 236 4317 Conventus
271 4256 483 4338 Episcoporum
520 4258 623 4317 Galliae
658 4260 735 4338 apud
764 4261 959 4323 Mclodunum
987 4287 1063 4325 anno

106 4373 270 4414 uuxuvm.

1099 1370 1157 1430 270

1101 1756 1157 1817 27²

1100 1955 1159 2012 274

1101 2132 1159 2207 276

1103 2439 1161 2502 279

1104 2523 1161 2580 280

1103 2718 1157 2774 281

1102 2911 1161 2985 284

1104 3009 1159 3085 285

1093 3200 1162 3260 ibid.

1105 3494 1163 3551 286

1104 3877 1161 3936 288

1106 3993 1161 4052 293

1106 4188 1165 4248 294

1106 4383 1162 4441 297
