2790 4958
424 301 575 364 Doclerii
590 301 796 386 Spioilcyisse
1121 306 1164 369 ’15

65 557 211 637 Ejusdem
226 555 315 614 Bulla
328 564 430 612 conns
442 553 653 613 sdulteutores
664 565 856 612 monetarum.
1104 474 1166 632 gl>

62 655 215 712 loannes
230 653 410 710 Francorum
425 651 491 708 Rex
504 651 647 709 Ordinem
661 650 796 708 Militum
810 650 910 708 stelle
924 651 1065 710 instituit
1095 653 1168 712 ibid.

64 751 149 808 Iden
169 748 277 807 fundat
290 748 452 807 Ecclesiam
467 747 682 805 Canonicorum
702 747 735 805 8.
744 747 884 806 Αιιιίοὲιιί
904 769 959 827 pro
978 748 1066 808 dictis

104 847 264 912 Militibus,
278 847 334 904 sub
347 846 464 903 nornine
476 844 596 903 Nobilis
611 846 734 903 Domus.
1103 864 1161 922 731

64 946 141 1003 Eam
156 943 359 1002 fundationem
372 942 534 1000 confirmat
1105 959 1123 1019 7
1125 962 1164 1018 3²

65 1042 267 1099 Funncrscus
281 1058 325 1096 ns
337 1039 497 1096 Tonnsno
509 1037 673 1096 cardinalis
687 1038 852 1117 Episcopus
866 1039 1063 1107 Florentinus,

105 1150 137 1198 et
165 1136 331 1195 Innocentii
359 1136 448 1214 Papae
468 1135 526 1192 vl.
551 1135 650 1212 Major
670 1136 921 1202 Poenitcutiarius‚
942 1137 1064 1195 Petrum

105 1236 221 1294 Ducem
234 1233 407 1291 Borbonesii
419 1234 703 1291 excommunicatum
717 1235 755 1292 ob
769 1232 867 1293 debita
880 1254 939 1292 non
957 1233 1064 1301 soluta,

104 1341 310 1412 postmortem
323 1329 457 1387 absolvit
1093 1332 1164 1391 ibid.

63 1431 216 1488 Joannss
236 1427 415 1484 Francorum
441 1427 508 1485 Rex
531 1426 682 1485 Ludorico
704 1426 790 1485 alteri
813 1426 940 1485 filiorum
962 1426 1065 1486 Ande-

105 1525 198 1604 garire
211 1533 243 1581 et
256 1522 461 1581 Cenomanniae
474 1524 639 1582 Comitatus
651 1525 776 1582 confert.
1106 1543 1163 1600 733

66 1622 225 1680 Uoranus
239 1619 328 1677 Pars
341 1620 380 1677 V.
399 1640 466 1678 eum
480 1619 633 1679 Lndovico
647 1621 819 1679 Borbonesii
834 1620 919 1679 Duce
931 1631 963 1679 et
975 1621 1065 1678 Anna

106 1717 227 1777 Ber-aldi
241 1717 279 1776 de
292 1716 436 1775 Alvernia
455 1717 516 1775 filia
532 1717 690 1796 dispensat,
703 1728 738 1776 nt
757 1718 975 1776 matrimonium
995 1738 1065 1776 cou-

105 1816 223 1873 trabere
236 1815 359 1893 mint·
1106 1835 1166 1892 734

65 1912 150 1971 Idem
167 1912 272 1969 Carclo
286 1911 325 1971 V.
348 1911 526 1970 Francorum
548 1911 625 1990 Regi
645 1911 787 1979 concedit,
806 1922 840 1969 ut
860 1913 888 1969 ei
908 1913 1065 1971 confessor

106 2029 179 2068 snus
191 2008 402 2086 indulgentiam
423 2020 606 2088 peccatorum
627 2010 757 2066 omnium
779 2008 810 2065 in
826 2011 929 2067 mortis
941 2009 1065 2068 uticulo

105 2106 199 2184 pomt
212 2106 372 2184 impertire.
1092 2107 1164 2166 ibid.

65 2203 188 2261 Statuta
200 2202 365 2280 antiquiora
378 2203 539 2261 Academia
552 2203 736 2261 Porisienrir.
1105 2221 1162 2280 735

66 2301 234 2359 Gnnnonu
250 2301 343 2358 Pars
356 2299 415 2358 XI.
430 2299 566 2378 Epistola
578 2300 616 2358 ad
629 2299 795 2358 Guidouem
810 2299 888 2358 deln
903 2300 1072 2360 Tremoille.
1106 2317 1163 2377 737

65 2397 149 2455 Idem
161 2397 266 2454 Carolo
279 2397 320 2455 V.
334 2409 365 2456 et
388 2398 600 2456 successoribus
619 2397 684 2474 ejus
705 2397 848 2464 concedit,
863 2410 898 2457 ut
914 2399 1063 2477 Capellam

106 2494 216 2552 montis
230 2493 371 2552 Calrarioe
384 2493 598 2573 Hierosolymis
610 2495 743 2552 conferre
756 2495 877 2572 possint.
1104 2495 1164 2571 738

64 2592 150 2650 Idem
166 2591 273 2649 Carolo
287 2591 328 2649 V.
352 2611 386 2649 ac
408 2591 531 2649 Joaunae
552 2591 672 2668 Reginae
695 2591 837 2658 concedit,
863 2603 898 2650 ut
921 2612 986 2658 ovs,
1007 2591 1061 2660 lac,

106 2689 249 2755 butirum,
264 2699 295 2746 et
308 2708 423 2747 caseum
436 2687 467 2745 in
482 2687 711 2766 Quadrngesima
723 2687 835 2766 possint
848 2689 1007 2747 comedere.
1092 2690 1164 2748 ibid.

65 2787 208 2866 Ejusdem
220 2795 437 2843 testamentum.
1094 2786 1165 2846 ibid.

65 2885 217 2942 Canonus
238 2882 279 2940 V.
309 2882 486 2940 Francorum
515 2881 582 2940 Rex
605 2881 818 2940 Mouasterium
842 2883 1063 2942 Caelestinorum

107 2972 263 3038 Medunto
276 2976 391 3036 fundat.
744 3016 746 3019 -
1106 3000 1164 3056 742

66 3076 164 3133 Prnnr
184 3094 228 3132 os
243 3075 356 3133 Pnsns
377 3073 599 3153 Archiepiscopi
619 3075 809 3142 Ravennatis,
823 3075 900 3134 ult.
910 3077 948 3135 E.
962 3077 1064 3135 Cardi-

107 3172 192 3240 nalis,
207 3170 342 3250 Epistola
354 3171 393 3229 ad
405 3170 589 3229 Ludoricum
604 3170 749 3229 Flaudriae
763 3174 917 3232 Comitem.
1107 3191 1164 3249 743

66 3269 228 3327 Casurus
256 3268 346 3325 Puu
364 3266 438 3326 VII.
468 3267 605 3344 Regnum
633 3267 734 3326 Adria
760 3269 889 3327 instituit
916 3289 950 3327 ac
976 3270 1066 3329 donat

107 3366 261 3424 Ludorico
274 3365 352 3423 Duci
366 3363 582 3442 Andegavensi.
1108 3368 1167 3443 746

10 3461 26 3538 J
66 3463 146 3520 Acta
168 3461 392 3541 dispensationis
419 3480 560 3518 concessu
584 3459 722 3519 Galeacio
743 3461 929 3530 Vioecomiti,
953 3475 984 3522 et
1007 3463 1065 3522 Ca·

108 3560 231 3618 tharinoe
257 3558 324 3616 filiae
352 3558 532 3616 Barnabovis
558 3559 753 3628 Vicecomitis,
781 3570 816 3618 ut
848 3562 1065 3620 matrimonium

107 3657 185 3715 iuter
198 3676 230 3714 se
243 3655 414 3715 contrahere
427 3664 555 3732 possent.
1108 3674 1162 3733 751

65 3756 255 3811 Connus-rm
275 3752 368 3810 Pars
382 3751 456 3808 VII.
479 3749 622 3829 Epistola
644 3750 709 3809 duae
733 3753 771 3811 ad
791 3752 984 3812 Wladisluum
1006 3754 1066 3811 Po-

106 3850 217 3907 lonum.
1107 3867 1165 3927 753

65 3948 251 4006 Lunovrcus
268 3946 334 4005 Rex
352 3943 639 4024 Hierosolymitanus
654 3946 860 4005 Procuratores
880 3946 1009 4005 instituit
1029 3947 1067 4005 ad

106 4043 335 4102 contrahendum
363 4042 482 4101 nomine
512 4062 567 4100 suo
594 4044 810 4101 matrimonium
841 4063 906 4101 cum
933 4042 1067 4102 Yolnuda

105 4139 228 4198 Joannis
242 4138 413 4217 Aragonum
431 4138 519 4216 Regis
533 4137 602 4196 filia.
1109 4158 1168 4216 754

66 4239 289 4297 Testamentum
305 4238 452 4294 Annuus
469 4255 509 4294 nn
523 4237 759 4305 Lucuunnnoo,
775 4237 914 4318 Episcopi
929 4238 1063 4296 Camera-

109 4355 211 4393 censis.
1110 4352 1166 4412 755
