2790 4958
229 323 296 388 ala
558 324 703 392 Villoisoo
716 325 871 392 Amodata
888 327 1006 392 Groeoo.

254 466 256 471 Ι
272 496 432 553 anmu
448 495 484 554 V.
499 496 534 553 C.
552 494 588 554 de
602 495 711 554 Errare
725 489 918 554 Profananrm
933 494 1120 574 Religionum
1135 495 1172 556 ad
1186 498 1335 558 Constan-

271 591 345 650 tium
360 601 390 649 et
405 592 594 650 Constantem
609 590 708 670 Augg.
721 592 862 651 Libellus.

617 785 726 850 Tomis
741 786 802 851 VI.
818 794 852 851 et
867 789 947 853 VII.

230 922 323 980 Lucu
339 924 466 979 Caurum
482 920 642 978 Frnmmur
656 921 834 979 Lacaenam
850 922 949 1003 Opera
962 923 1067 981 omnia.
1106 923 1157 982 Ad
1170 925 1332 984 editionem

271 1018 464 1077 Parisiensem
479 1017 601 1075 Joannis
616 1018 703 1096 Bapt.
714 1018 759 1076 Le
773 1018 856 1076 Brun
871 1028 901 1077 et
915 1019 948 1076 N
949 1018 1033 1078 ioolai
1046 1020 1172 1099 Lenglet
1185 1021 1226 1079 du
1241 1021 1332 1081 Fres-

271 1115 319 1174 noi
334 1115 403 1173 anni
420 1116 495 1188 1748
510 1133 619 1172 recusa.

533 1284 641 1348 Tomis
656 1283 751 1351 VIII.
768 1284 831 1349 IX.
849 1286 894 1365 X.
910 1293 944 1351 et
959 1287 1024 1351 XI.

230 1424 262 1481 S.
275 1422 406 1480 Hrnsnrr
428 1421 613 1480 Pictavorum
637 1420 777 1502 Episcopi
800 1423 898 1502 Opera
921 1423 1026 1481 omnia.
1078 1423 1192 1483 Recudi
1215 1427 1332 1485 curavit

270 1519 324 1577 Dr.
341 1518 512 1577 Franciseus
526 1516 685 1577 Oberthiir.

588 1696 696 1762 Tomis
712 1697 795 1762 XII.
811 1704 845 1761 et
860 1695 963 1760 XIII.

229 1832 260 1891 S.
275 1832 401 1891 omn
425 1831 493 1891 Airi
517 1833 685 1892 Milevitani
706 1833 846 1912 Episcopi
867 1834 904 1892 de
925 1833 1085 1894 Schismate
1106 1836 1329 1895 Donatistarum

268 1929 352 1988 Libri
368 1930 443 1989 VII.
458 1929 572 2007 aliaque
585 1929 643 1989 bue
656 1930 832 2009 pertinentia
848 1931 953 1989 Vetera
967 1931 1170 1990 Monumenta.

674 2192 884 2264 XXXVII.

270 2388 425 2453 Aoeodoto
443 2389 561 2466 Graeco,
578 2408 648 2471 quae
666 2387 714 2452 vir
731 2387 963 2451 eruditissimus
985 2390 1008 2452 J
1010 2410 1151 2454 emanans
1172 2390 1327 2457 Burmann

228 2492 350 2556 Osanna
364 2490 497 2554 n'Anssn
511 2513 550 2552 nn
565 2490 736 2568 Vrnuorson,
749 2489 833 2554 inter
847 2489 957 2554 Gallos
976 2491 1024 2554 sui
1042 2492 1195 2577 temporis
1207 2495 1329 2559 Graecis

228 2594 261 2657 in
290 2594 390 2658 literis
419 2593 510 2657 faoile
538 2592 693 2677 princeps,
724 2591 856 2656 Parisiis
886 2614 969 2657 anno
993 2617 1178 2659 mnoouxxxa
1208 2598 1328 2681 publici

224 2697 305 2781 juris
320 2697 404 2773 feeit,
420 2697 533 2761 studiis
548 2695 798 2779 Antiquitatum,
811 2702 848 2760 ut
862 2695 948 2779 loqui
963 2705 1082 2776 amant,
1099 2721 1137 2763 ao
1150 2699 1197 2763 rei
1214 2701 1328 2764 Gram-

227 2798 353 2863 matieae
388 2799 490 2883 magis
526 2819 622 2882 quam
657 2797 753 2860 rebus
781 2797 1013 2863 Eoelesiastiois
1048 2799 1150 2864 lucem
1178 2801 1327 2868 afferunt.

228 2901 333 2981 Quum
350 2907 459 2964 autem
478 2900 563 2964 inter
581 2899 645 2963 ista
659 2899 829 2964 Aneodota
849 2905 923 2963 sunt
943 2903 1089 2984 quaedam
1111 2902 1329 2988 Scriptoribus

227 2999 416 3064 Christianis
435 2999 551 3078 debita,
568 2999 703 3063 indicem
718 3022 811 3084 quem
831 3001 1027 3065 confeceram
1043 3003 1273 3087 Opuseulorum
1288 3028 1328 3070 ae

229 3102 495 3186 Fragmentorum
520 3103 554 3165 in
576 3101 700 3166 duobus
720 3103 788 3186 ejus
811 3103 909 3167 tomis
928 3111 1159 3186 contentorum,
1174 3106 1226 3170 hio
1245 3106 1328 3172 inse-

227 3204 361 3267 rendum
376 3203 491 3267 curavi.
537 3203 706 3289 Inscriptio
721 3210 780 3282 est,

228 3390 416 3462 Aneodota
446 3390 573 3461 Graeca
599 3415 619 3460 e
645 3391 759 3486 Regia
786 3391 982 3475 Parisiensi‚
1011 3402 1048 3463 et
1071 3417 1091 3463 e
1118 3393 1262 3466 Veneta
1288 3394 1326 3465 S.

303 3507 420 3576 Marci
462 3504 694 3576 Bibliothecis
736 3508 944 3601 deprompta
991 3508 1102 3578 edidit
1144 3509 1327 3582 lohannes

303 3622 465 3714 Baptista
491 3620 622 3713 Caspar
646 3620 809 3692 D’Ansse
840 3624 884 3692 de
915 3621 1091 3694 Villoison
1118 3623 1240 3717 Regiae
1265 3625 1328 3695 In-

303 3738 532 3830 seriptionum
549 3734 757 3807 Academiae
778 3737 992 3820 Parisiensis
1011 3738 1146 3832 Regiae,
1164 3761 1230 3809 nee
1253 3763 1327 3809 non

303 3860 340 3923 et
366 3850 599 3943 Antiquariae,
629 3851 849 3924 Societatum
884 3853 1172 3937 Londinensium,
1200 3855 1327 3948 Regiae

303 3967 549 4049 Berolinensis,
569 3967 817 4060 Haphniensis,
836 3968 1053 4061 Upsalensis,
1071 3969 1327 4064 Gottingensis

303 4082 593 4164 Manbemiensis‚
624 4082 858 4165 Matritensis
889 4083 1124 4166 Cortonensis,
1156 4085 1328 4178 Neapoli-

304 4205 410 4280 tanae,
435 4194 621 4266 Aroadioae
656 4198 840 4282 Romanae,
870 4198 1112 4283 Massiliensis,
1140 4199 1204 4270 &a
1230 4199 1329 4272 Aea-

304 4312 499 4382 demiarum
529 4311 662 4383 Sosius.
726 4311 835 4384 Anno
864 4334 1096 4387 macctxxxa
1160 4316 1328 4389 Venetiis
