2790 4958
140 292 204 357 178
433 287 727 354 Bataatcuma
741 284 949 351 masalmam.

1185 451 1244 512 Pag.

144 538 267 596 Littera
280 538 480 596 Maesessum
494 536 619 597 Abbatis
634 537 664 596 S.
674 535 827 595 Michaelis
848 535 884 593 do
904 532 1069 592 renovanda
1082 552 1143 590 me.

185 634 276 692 moria
290 634 385 692 Ducis
398 633 550 692 Volfaudi.
1208 645 1242 702 71

147 731 355 790 Mocaclrorum
384 730 416 788 S.
432 729 589 788 Michaelis
615 729 796 806 querimonia
822 728 859 786 ad
881 725 1143 804 Archiepiscopnm

189 825 391 885 Trevirensem
406 826 442 884 de
456 826 569 902 injuriis
584 825 706 883 Comitis
721 823 856 882 Rainaldi
870 822 1030 880 Barrensis.
1173 820 1245 880 ibid.

148 922 236 981 Bulla
250 922 396 981 Annum
416 921 474 980 IV.
495 941 553 998 qua
574 920 724 979 confirmat
746 919 956 978 ordinationem
978 918 1084 976 factam
1107 916 1144 976 de

188 1019 326 1079 Ecclesiis
341 1020 455 1078 Sancta
470 1019 637 1077 Genovefac.
1208 1030 1245 1089 72

147 1117 287 1197 Ejusdem
298 1116 433 1196 Epistola
446 1116 583 1174 adversus
593 1113 775 1174 Gaufredum
785 1112 930 1172 Comitem
941 1111 1144 1170 Ruscinonen-

187 1235 258 1274 sem.
1178 1206 1246 1266 ibid.

148 1310 312 1389 Dispositio
331 1310 374 1367 rei
395 1308 541 1367 familiaris
555 1309 632 1366 facta
647 1328 664 1365 a
679 1308 791 1366 Panno
807 1307 1012 1364 Vauaannrnr
1027 1304 1144 1364 Abbate

189 1407 382 1465 Cluniacensi.
1174 1401 1245 1461 ibid.

147 1504 269 1563 Littera
292 1503 513 1562 Eausnonnm
539 1503 663 1561 Comitis
690 1501 878 1579 Urgellensis‚
901 1501 1006 1577 quibus
1031 1498 1144 1558 abdicat

189 1599 426 1659 consuetudinem
441 1598 573 1678 capiendi
586 1599 662 1657 bona
676 1598 887 1675 Episcoporum
902 1597 1114 1655 defunctorum.
1209 1612 1248 1670 74

150 1697 299 1755 Hauruor
323 1695 542 1774 Arcbiepiscopi
566 1695 718 1754 Remensis
740 1694 876 1773 Epistola
897 1693 1086 1769 increpatoria
1107 1691 1145 1750 ad

189 1792 358 1852 cardinales
379 1793 518 1850 Romana
541 1792 679 1851 Ecclesiae
701 1793 732 1849 in
754 1811 839 1851 causa
856 1790 1002 1868 Drogonis
1022 1789 1144 1848 Cancel-

187 1889 252 1947 larii
265 1886 482 1948 Noviomensis.
1149 1896 1150 1899 ’
1208 1903 1245 1962 75

149 1987 289 2066 Ejusdem
303 1986 438 2064 Epistola
452 1986 489 2044 ad
503 1985 705 2045 Alexandrum
719 1985 780 2043 111.
796 1985 832 2043 de
846 1984 947 2044 eodem
962 1993 1142 2061 argumento.
1174 1975 1247 2043 ibid.

149 2083 344 2162 Responsoria
365 2081 557 2141 Anaxannm
573 2083 632 2142 111.
652 2084 745 2141 Para
767 2081 803 2140 ad
826 2081 1003 2160 superiorem
1023 2080 1144 2159 Episto-

188 2179 256 2237 lam.
1208 2178 1246 2252 76

148 2276 286 2334 N1oona1
306 2277 440 2334 monachi
461 2263 681 2335 clarevallensis
700 2276 834 2354 Epistola
851 2276 888 2334 ad
907 2265 1070 2334 Henricum
1086 2274 1143 2332 Co·

186 2373 289 2431 mitem
305 2374 479 2452 Campania.
1173 2369 1245 2431 ibid.

149 2470 288 2551 Ejusm
303 2471 438 2550 Epistola
452 2471 488 2530 ad
503 2470 685 2529 Willelmum
701 2469 960 2548 Archiepiscopum
976 2469 1158 2527 Remensem.
1209 2485 1244 2544 77

149 2567 226 2628 Acta
240 2567 399 2627 concordia
416 2568 496 2627 inita
514 2569 592 2627 inter
605 2568 798 2627 Auscitanum
813 2579 843 2627 et
858 2569 1143 2646 caesaraugustanam

189 2665 336 2723 Ecclesias
349 2667 499 2723 occasione
514 2664 653 2722 Ecclesia
668 2663 870 2742 Alagonensis.
1176 2663 1247 2722 ibid.

149 2762 319 2821 Anenousr
335 2761 426 2839 Regis
436 2761 623 2839 Portngallia
635 2760 768 2840 Epistola
781 2761 818 2819 ad
831 2761 956 2820 Lucium
968 2761 1011 2819 ΙΙ.
1023 2762 1142 2840 Papam,

190 2878 247 2935 qua
261 2878 381 2936 regnum
397 2878 481 2916 suum
497 2857 635 2916 Romana
650 2856 789 2917 Ecclesia
802 2859 988 2917 tributarium
1003 2859 1163 2917 constituit.
1208 2859 1247 2934 78

148 2954 244 3012 Lnorr
260 2954 303 3013 II.
319 2954 411 3012 Para
424 2955 614 3033 responsoria.

149 3051 265 3109 Charta
280 3051 459 3109 Communia
474 3051 632 3110 Civitatum
646 3053 699 3110 &c

150 3145 384 3206 consuetudines
398 3144 576 3224 Andegavia
590 3156 620 3204 et
635 3146 827 3204 Cenomaniae.

149 3243 285 3322 Epistola
299 3242 467 3301 Scaeuam
482 3243 622 3322 Episcopi
637 3242 827 3301 Tornacensis
841 3243 878 3300 ad
891 3243 1073 3302 Willelmum
1085 3243 1143 3302 Ar·

190 3339 405 3418 cbiepiscopum
420 3340 603 3399 Remensem.

150 3437 285 3515 Epistola
307 3436 333 3493 1.
358 3436 496 3515 Episcopi
524 3436 688 3515 Lyddcnaia
715 3435 752 3495 ad
772 3437 947 3515 Magistrum
969 3436 1144 3497 Michaelem

190 3532 342 3590 Decanum
366 3532 506 3591 Ecclesia
536 3533 707 3593 Parisiensis
734 3545 765 3592 et
793 3534 919 3593 electum
947 3535 1145 3593 Patriarcham

191 3628 501 3708 Hierosolymitanum.
916 3666 919 3671 -
1174 3634 1246 3692 ibid.

150 3727 263 3785 Charta
277 3727 362 3784 varia
376 3746 429 3804 pro
444 3727 613 3804 Isemburge
627 3727 740 3806 Regina
755 3729 893 3787 Francia.
1208 3750 1244 3808 91

63 3834 69 3843 “
149 3823 271 3881 Littera
283 3821 304 3879 J
306 3840 424 3880 oestrus
439 3822 581 3902 Episcopi
594 3823 809 3884 Lemovicensis
822 3835 852 3885 ot
867 3826 1038 3904 collegarum
1052 3826 1115 3903 ejus
1129 3847 1146 3885 a

191 3918 268 3977 Sede
281 3917 452 3997 Apostolica
465 3918 664 3998 delegatorum
681 3921 712 3979 in
732 3942 816 3981 causa
834 3921 984 3982 electionis
1005 3922 1146 4001 Episcopi

191 4013 336 4073 Tolosani.
1177 4020 1246 4078 ibid.

149 4111 271 4169 Littera
288 4110 417 4190 Capitoli
431 4112 580 4171 Remcaaia
601 4113 638 4173 ad
660 4113 806 4174 Abbatem
828 4116 1079 4183 Clarevallensem,
1094 4117 1146 4194 qui

190 4217 234 4265 est
248 4207 279 4263 in
293 4207 473 4286 Episcopum
487 4209 606 4269 electus
1207 4234 1244 4292 92

149 4301 290 4361 Mandata
313 4303 556 4376 Velletrcnsibus,
578 4309 707 4379 Coranis,
730 4320 759 4370 et
784 4311 984 4370 Sarminitanis
1012 4311 1080 4370 data
1107 4312 1145 4371 ab
