2790 4958
555 283 877 350 nosocomorum
892 282 1003 347 Socra.

301 466 433 536 siorum
457 462 633 554 Rempub.
662 458 865 530 Praesbiteri
892 452 939 527 D.
965 455 1118 549 Eugenii
1145 452 1190 524 de
1218 451 1328 523 laevis

303 579 586 661 Crescentinatis‚
617 584 655 647 et
683 577 780 645 inter
810 573 1043 644 Taurinenses
1076 570 1171 640 cives
1205 565 1253 637 D.
1279 566 1328 637 D.

302 695 479 788 Adoptati
514 694 624 787 Regis
659 690 837 772 Sardiniae,
872 696 940 758 etc.
977 687 1022 757 ab
1056 682 1329 776 antiquitatibus

303 833 421 880 rerum
446 807 772 879 ecclesiasticarum.
823 802 1001 897 Augustae
1023 802 1256 872 Taurinorum
1282 822 1330 870 ex

302 924 547 1019 Typographia
564 923 737 992 Fontana.
788 915 975 990 Facultate
992 918 1148 988 obtenta.

364 1154 465 1217 Index
480 1150 711 1237 Opnsoulorum
725 1150 758 1213 in
772 1148 832 1213 hoo
847 1149 947 1212 Tomo
961 1152 1193 1211 contentorum.

230 1302 261 1361 S.
277 1301 411 1360 Ensasn
433 1301 685 1360 Vaacnnncnsrs
706 1297 858 1358 Antistitis
880 1297 917 1356 de
939 1297 969 1355 S.
986 1295 1132 1354 Trinitate
1155 1315 1225 1353 con-

270 1399 365 1457 fessio.
1224 1391 1296 1470 Pag.
1308 1406 1326 1466 5

228 1497 262 1558 S.
278 1496 402 1554 Dauasr
418 1495 452 1553 P.
467 1496 510 1555 M.
525 1493 650 1553 Carmen
665 1495 689 1552 1.
705 1495 741 1552 In
756 1493 905 1573 Epistolas
918 1493 957 1550 D.
970 1490 1056 1550 Pauli
1069 1489 1216 1569 Apostoli.
1291 1507 1328 1566 17

527 1594 651 1651 Carmen
662 1592 705 1649 ΙΙ.
727 1591 764 1649 In
777 1590 893 1649 landem
909 1591 945 1649 B.
957 1589 1043 1648 Pauli
1056 1586 1201 1666 Apostoli.
1256 1586 1328 1645 ibid.

527 1690 650 1746 Carmen
662 1688 721 1746 III.
743 1688 791 1746 De
805 1706 890 1766 poena
904 1684 1118 1764 Redemptoris.
1289 1700 1328 1739 20

231 1787 364 1845 Anonims'
379 1785 565 1845 Lucedienais
578 1783 741 1844 Altercatio
755 1784 874 1851 Divitis,
890 1794 920 1842 et
934 1783 1083 1862 Pauperis.
1289 1798 1327 1838 22

231 1881 365 1940 Ananimi
379 1881 499 1941 Monacs'
513 1881 568 1941 SS.
584 1881 747 1951 Michaelis,
761 1891 791 1940 et
805 1881 825 1938 J
827 1879 937 1939 anuarii
951 1878 987 1938 de
1004 1877 1135 1938 Lucedio
1155 1877 1225 1934 Car-

270 1997 337 2036 men
353 1979 377 2036 1.
393 1980 440 2038 De
456 1979 572 2038 Christo
587 1978 792 2055 Redemptore.

489 2078 612 2135 Carmen
627 2077 671 2134 II.
692 2076 740 2135 De
753 2074 888 2134 laudibus
902 2075 932 2134 S.
944 2073 1078 2152 Gregorii
1092 2073 1204 2150 Magni.

233 2171 264 2232 S.
279 2171 428 2231 Ansanur
450 2172 665 2232 Cantuariensis
686 2172 822 2232 Praesulis
844 2171 986 2231 Salutatio
1007 2170 1045 2230 ad
1067 2170 1226 2228 Dominum

273 2269 375 2328 Jesum
390 2269 549 2328 Christum.

233 2365 365 2424 Ananimi
379 2365 500 2424 abactis
514 2366 648 2445 Epistola
662 2366 699 2425 ad
713 2367 874 2426 Monachos
894 2365 931 2424 de
949 2365 1113 2425 obedientia
1130 2364 1227 2423 Patri-

271 2463 326 2522 bus
348 2462 519 2542 praestanda,
544 2474 574 2522 et
598 2463 635 2522 de
656 2461 821 2522 humilitate
839 2461 978 2523 servanda
998 2463 1034 2521 ab
1054 2463 1110 2530 his,
1124 2462 1176 2540 qui
1196 2461 1227 2519 in

272 2562 387 2621 deserto
401 2561 521 2640 degunt.

234 2659 354 2718 Abbatis
369 2659 502 2718 Aaonimi
516 2662 639 2718 Carmen
653 2661 679 2718 1.
693 2669 723 2718 et
737 2660 780 2717 ΙΙ.

233 2753 375 2834 Epistola
389 2755 462 2823 duae,
487 2756 643 2814 I.Ponr11
661 2755 720 2815 Ab.
743 2757 773 2814 S.
789 2756 878 2814 Ruffi.
920 2757 963 2815 II.
984 2756 1157 2814 Lausnnrr
1172 2754 1227 2814 Ab.

274 2853 302 2908 S.
317 2850 406 2909 Ruffi.
1290 2867 1332 2924 44

234 2946 264 3006 S.
275 2947 446 3006 Bnanaanr
460 2947 519 3008 Ab.
535 2949 762 3009 Claraevallensis
773 2949 908 3030 Epistola
921 2970 974 3009 suo
987 2949 1071 3008 fratri
1084 2948 1191 3008 dilecto
1205 2947 1247 3006 N.
1289 2961 1327 3021 51

409 3044 497 3104 Liber
511 3046 547 3105 de
569 3046 708 3107 Passione
721 3048 837 3116 Christi,
856 3058 886 3107 et
900 3047 1047 3107 doloribus
1060 3056 1091 3106 et
1105 3045 1269 3126 planetibus

272 3141 373 3200 matris
385 3141 458 3218 ejus.
1291 3140 1331 3198 60

409 3239 564 3300 Tractatns
578 3242 614 3301 ad
627 3242 744 3302 laudem
757 3242 888 3321 gloriosae
902 3244 939 3300 V.
953 3243 1068 3301 Matris.
1292 3252 1331 3314 70

234 3337 272 3396 Β.
288 3334 424 3396 Josnnrs
443 3356 482 3394 nr
501 3338 599 3398 Moxo
611 3340 668 3399 VI.
692 3341 843 3400 Generalis
865 3339 985 3399 Ordinis
1007 3339 1069 3396 FF.
1085 3336 1227 3396 Praediea-

274 3443 371 3492 torum
385 3433 520 3512 Epistola
535 3435 574 3493 Y.
589 3436 736 3496 Monacho
750 3436 915 3496 Caraevallis
929 3435 1100 3496 Mediolani.
1294 3433 1331 3491 82

234 3528 369 3608 Epistola
382 3527 422 3586 A.
439 3530 560 3590 abbatis
576 3533 794 3592 Caracallensia
807 3533 843 3593 de
857 3533 1027 3592 Mediolano
1041 3531 1155 3591 dilectis
1167 3531 1244 3589 viris.
1292 3548 1333 3606 90

356 3627 400 3685 II.
422 3629 468 3686 De
482 3648 541 3685 non
556 3627 714 3688 differenda
727 3631 923 3690 conversione.

356 3723 416 3782 111.
437 3724 485 3783 De
496 3724 568 3802 jugo
581 3725 702 3783 Domini
716 3725 869 3804 portando.

357 3820 413 3878 lV.
437 3821 517 3892 Quid
531 3831 688 3900 operentur
702 3820 822 3890 delicia,
837 3833 867 3882 et
881 3823 956 3881 bona
969 3821 1149 3902 temporalia.

356 3917 393 3975 V.
415 3918 463 3976 De
476 3917 631 3977 dilectione
645 3919 884 3998 propinquorum.
1211 3950 1215 3957 ·
1263 3914 1332 3975 ibid.

356 4017 408 4075 VI.
430 4016 477 4074 De
491 4015 672 4094 poenitentia,
687 4025 717 4074 et
731 4016 794 4093 ejus
807 4016 936 4095 premio.
1293 4027 1331 4090 95

235 4111 370 4192 Epistola
384 4111 421 4172 F.
433 4112 471 4170 P.
486 4112 522 4171 de
537 4111 648 4170 Ordine
662 4113 813 4170 Minorum
828 4113 941 4172 dilectis
956 4113 1006 4170 Fr.
1020 4113 1055 4171 P.
1067 4122 1097 4171 et
1110 4111 1150 4171 A.
1166 4111 1232 4168 No-

276 4209 354 4267 vitiis
373 4209 404 4267 in
421 4210 601 4268 Monasterio
622 4208 787 4268 Caraevallis
807 4209 844 4269 de
865 4209 1034 4270 Mediolano
1052 4207 1233 4290 persuasoria

276 4304 312 4363 ad
327 4306 568 4384 perseverandum
582 4308 612 4364 in
627 4305 820 4384 Religionem.
1278 4323 1331 4363 ror
