2790 4958
238 311 284 378 aa
594 311 742 376 naua
764 309 967 396 aarum.

241 552 412 609 Gauranos
436 549 473 608 de
494 536 641 608 Meduana
660 550 794 629 Epistola
813 547 850 606 ad
872 547 992 606 Petrum
1010 546 1154 606 Abbatem
1174 545 1229 606 SS.

281 647 376 725 Sergii
390 656 420 705 et
436 645 552 704 Bacchi.

239 746 432 802 Innocnmrrr
447 741 539 800 Para
553 743 596 800 11.
612 741 746 822 Epistola
762 741 800 800 ad
814 742 935 800 Petrum
950 742 1095 801 Abbatem
1109 741 1229 801 Clunia·

279 861 402 900 oensem.
1259 839 1330 899 ibid.

242 939 347 999 Brevis
368 938 506 997 Narratio
526 958 623 996 rerum
647 957 711 1015 quaa
730 936 877 1016 pertinent
894 935 930 994 ad
944 935 1100 995 Abbatiam
1116 936 1153 995 de
1167 936 1228 996 Mi.

280 1036 396 1095 ratario.
1260 1035 1331 1094 ibid.

241 1135 481 1194 Biannoaoarni
496 1132 635 1211 Episcopi
649 1131 851 1190 Landunensis
865 1131 1017 1208 judicium,
1032 1152 1091 1209 quo
1103 1142 1180 1191 terra
1193 1132 1230 1192 de

281 1233 349 1291 Osis
362 1230 513 1291 Monachis
526 1230 749 1289 Lehunensibus
762 1230 908 1289 asseritur.
1270 1233 1331 1307 487

241 1328 399 1388 Abbatiam
411 1327 465 1386 SS.
481 1325 612 1386 Facundi
633 1335 663 1384 et
685 1324 830 1384 Primitiui
851 1326 1034 1386 chiniacensi
1050 1326 1230 1386 Monasterio

281 1426 370 1485 donat
383 1426 598 1484 Atnnaousua
611 1423 762 1502 Hispaniae
776 1423 947 1504 Imperator.
1259 1424 1331 1484 ibid.

242 1523 336 1583 Huoo
348 1522 511 1581 castrinovi
527 1520 671 1578 Dominus
685 1520 835 1581 confirmat
848 1541 881 1579 ea
895 1541 959 1598 quta
970 1520 1123 1579 canonicis
1133 1520 1231 1598 Regu·

279 1618 387 1679 laribus
402 1619 433 1678 S.
443 1618 593 1677 Vincentii
606 1617 636 1674 in
651 1616 780 1676 Nemore
794 1617 958 1676 donaverat.
1270 1617 1331 1693 488

240 1717 433 1775 Iunocnnau
451 1715 547 1774 Pam
565 1715 610 1772 11.
632 1713 767 1792 Epistola
780 1712 1008 1772 adLudovicum
1024 1712 1081 1770 VI.
1105 1713 1231 1772 Franco-

280 1834 345 1872 rum
361 1813 480 1891 Regem.
1261 1810 1331 1869 ibid.

241 1911 479 1970 Aacnnnnsaor
505 1909 649 1969 Ecclesiae>
667 1907 886 1967 Aurelianensis
910 1907 1073 1966 Subdecaui
1097 1908 1232 1987 Epistola

281 2008 318 2066 ad
333 2007 494 2066 Henricum
508 2005 766 2085 Archiepiscopum
783 2005 988 2064 Senonensem.
1261 2005 1331 2064 ibid.

241 2105 402 2164 Gaurnlnr
418 2103 555 2183 Episcopi
571 2103 759 2161 carnutensis
773 2102 907 2181 Epistola
920 2102 957 2160 ad
971 2102 1113 2161 eumdem.
1271 2103 1333 2179 489

241 2201 435 2260 Innocuam
451 2199 542 2258 Para
557 2200 601 2259 11.
616 2197 751 2278 Epistola
768 2199 805 2257 ad
820 2198 995 2258 Gaufridum
1011 2199 1230 2265 carnutensem,

280 2309 310 2357 et
325 2298 504 2377 Stephanum
520 2297 710 2356 Parisiensem
726 2296 896 2375 Episcopos.
1262 2297 1332 2355 ibid.

241 2395 380 2474 Ejusdem
394 2394 430 2453 ad
444 2394 622 2474 Stephanum
638 2393 817 2473 Episcopum
833 2392 1032 2451 Parisienaem.
1261 2393 1332 2452 ibid.

242 2492 408 2551 Snnrnsru
432 2492 561 2570 ejusdem
582 2491 717 2571 Epistola
738 2490 776 2549 ad
794 2491 955 2549 Henricum
973 2489 1231 2570 Archiepiscopum

282 2589 489 2651 Senonensem.
1262 2588 1334 2648 ibid.

241 2686 380 2766 Ejusdem
402 2685 536 2764 Epistola
559 2683 595 2744 ad
617 2684 791 2742 Gaufridum
814 2684 992 2763 Episcopum
1013 2684 1231 2754 carnutensem,

283 2782 367 2841 Sedis
381 2782 558 2861 Apostolicm
572 2782 724 2859 Legatum.
1273 2802 1333 2859 490

242 2880 385 2938 Hannrc1
406 2879 623 2958 Archiepiscopi
645 2878 818 2936 Senonensis
840 2877 973 2958 Epistola
993 2878 1030 2936 ad
1051 2879 1231 2959 Stephanum

282 2975 460 3055 Episcopum
476 2975 676 3034 Parisiensem.
1261 2976 1332 3036 ibid.

242 3074 407 3133 Sunrnanr
422 3073 549 3150 ejusdem
566 3071 700 3151 Epistola
713 3071 750 3130 ad
764 3071 896 3130 eumdem
913 3073 1085 3131 Henricum.
1262 3074 1333 3133 ibid.

240 3170 401 3229 Gannmm
416 3169 555 3249 Episcopi
570 3168 758 3228 Carnutensis
773 3168 907 3249 Epistola
925 3169 962 3228 ad
977 3168 1158 3279 Stephanum
1174 3170 1230 3229 Pa·

279 3266 428 3325 risiensem
443 3267 631 3346 Episcopum.
1273 3285 1329 3345 491

240 3363 380 3423 Addutum
395 3373 421 3422 et
434 3363 607 3424 Clericorum
617 3364 825 3423 Puriaieasiam
836 3363 972 3442 Epistola
985 3362 1022 3421 ad
1036 3363 1238 3457 Innocentium

281 3460 392 3539 Papam
407 3461 449 3520 11.
991 3503 993 3509 -
1262 3460 1332 3522 ibid.

240 3558 350 3617 lacerti
378 3558 520 3638 Epistola
547 3558 612 3617 duae
639 3558 675 3617 ad
703 3559 883 3638 Stephanum
912 3558 1091 3637 Episcopum
1120 3557 1227 3617 Parisi-

281 3676 388 3715 ensem.
1260 3657 1331 3717 ibid.

239 3753 400 3817 GAUFulm
416 3753 555 3833 Episcopi
569 3752 757 3813 Carnutensis
771 3751 906 3831 Epistola
920 3751 956 3810 ad
970 3751 1114 3810 eumdem.
1271 3772 1332 3830 492

240 3850 271 3909 S.
288 3851 457 3910 Banasam
473 3849 608 3929 Epistola
621 3850 658 3910 ad
672 3849 849 3910 Gaufridum
863 3848 1008 3909 Abbatem
1022 3849 1055 3909 S.
1069 3850 1213 3910 Medardi.
1263 3850 1333 3910 ibid.

239 3951 379 4030 Ejusdem
393 3949 529 4031 Epistola
543 3949 581 4008 ad
595 3949 767 4008 Ruinaldum
783 3948 938 4007 Abbatem.
1261 3951 1333 4010 ibid.

239 4048 404 4108 usuram
430 4046 571 4127 Episcopi
592 4047 811 4106 catalaunensis
832 4045 965 4178 Epistola
988 4047 1024 4105 ad
1049 4047 1231 4127 Stephanum

279 4144 457 4225 Episcopum
472 4144 673 4203 Parisiensem.
1261 4145 1333 4206 ibid.

241 4240 378 4320 Ejusdem
400 4240 542 4322 Stephani
564 4240 699 4320 Epistola
726 4241 777 4299 ad
787 4240 945 4299 Henricum
971 4238 1229 4322 Archiepiscopum

282 4338 488 4406 Sunonensem,
504 4349 539 4397 ut
552 4337 668 4415 quidem
683 4337 803 4397 videtur.
1272 4359 1329 4416 493
