2790 4958
250 298 315 360 228
444 297 532 361 Mati
546 297 736 382 Serapionem
759 297 895 360 Veterum
910 298 1002 360 Nocc
1018 295 1167 361 Cotuato.

250 469 318 553 ejus
335 469 526 553 Scriptcrmc
548 469 685 532 Veterum
700 466 799 531 Nccae
816 467 1007 546 Collectionis,
1027 468 1117 552 cujus
1138 467 1218 531 tomi
1240 469 1353 532 decem

248 571 283 635 in
304 580 422 656 quarto,
446 577 483 635 ut
508 571 594 654 loqui
616 576 737 648 amant,
761 569 867 634 excusi
889 569 1051 654 hucusque
1072 570 1175 634 lucem
1196 571 1352 655 adspexe-

248 680 335 748 runt,
351 674 413 738 hac
426 673 631 760 inscriptione
645 674 764 758 gaudet
776 699 785 746 ;

250 903 469 995 Scriptorum
487 903 663 975 Vctemm
683 902 789 971 Nova
806 902 979 972 Collectio
1001 925 1021 972 c
1039 903 1225 975 Vaticanis
1244 901 1354 972 Codi-

323 1019 422 1088 cibus
440 1020 536 1088 edita
560 1019 605 1087 ab
623 1016 764 1110 Angelo
787 1017 888 1087 Maio
906 1017 1141 1088 Bibliotheoae
1156 1017 1352 1088 Vaticanae

324 1134 496 1204 Praefecto
522 1135 567 1203 ad
594 1133 752 1204 Leonem
769 1132 860 1202 XII.
889 1133 1099 1203 Pontificem
1131 1133 1351 1202 Maximum.

323 1250 454 1320 Tomus
473 1249 502 1321 I.
540 1250 666 1320 Romae
688 1251 726 1318 in
743 1249 903 1342 Collegio
928 1249 1074 1320 Urbano
1097 1251 1191 1342 apud
1210 1248 1353 1319 Burlia-

323 1389 415 1435 cum.
454 1385 670 1435 Mocccxxv.
723 1365 766 1434 In
784 1369 857 1436 lto.

521 1618 560 1680 In
575 1617 684 1682 Primo
699 1617 856 1682 volumino
872 1617 1075 1683 continentur

731 1809 814 1871 Pars
829 1807 855 1870 Ι.

246 1970 387 2029 Eussrn
402 1969 585 2029 Caesariensis
600 1969 784 2042 Quaestiones
798 1970 834 2029 ad
849 1969 1041 2049 Stephanum.
1228 1970 1301 2048 Pag.
1321 1989 1347 2027 1.

246 2068 387 2125 Euenum
402 2067 543 2144 Ejusdem
559 2067 742 2140 Quaestiones
756 2068 793 2126 ad
806 2068 965 2126 Marinum.
1308 2069 1343 2127 61

247 2164 382 2222 Ilusrmr
398 2164 540 2240 Ejusdem
554 2165 703 2242 Excerpta
717 2164 926 2223 Commentarii
940 2164 969 2221 iu
985 2165 1108 2222 Lucam.
1290 2183 1346 2240 1ο7

246 2259 445 2334 Aromuann
461 2261 619 2320 Laodiceni
634 2260 809 2340 Fragmenta
824 2261 1031 2319 commentarii
1046 2262 1076 2318 in
1090 2261 1211 2322 Lucam.
1288 2277 1347 2338 179

154 2377 157 2382 ·
248 2358 361 2417 Pnoru
378 2358 552 2416 Patriarchae
567 2358 721 2436 Specimen
735 2357 942 2416 commentarii
957 2358 991 2415 in
1000 2359 1124 2418 Lucam.
1289 2360 1346 2436 189

248 2455 368 2513 Pnoru
384 2454 558 2513 Patriarchae
574 2454 758 2525 Quaestiones
774 2452 876 2527 (XX.)
894 2453 930 2512 ad
944 2452 1194 2533 Amphilochium.
1289 2475 1343 2533 193

247 2553 365 2610 Pncru
381 2551 523 2628 Ejusdem
538 2550 688 2630 Responsa
703 2551 848 2609 Canonica
862 2551 1000 2628 quinque.
1285 2553 1344 2628 362

248 2648 426 2706 Anasrssn
441 2648 587 2705 Summis
601 2646 877 2705 Lucubratiuuculae
891 2647 956 2705 duae
976 2647 1012 2706 de
1026 2648 1094 2706 vitu
1107 2648 1242 2718 termino,

287 2755 317 2803 et
332 2744 368 2804 de
381 2745 417 2802 iis
431 2744 482 2821 qui
496 2764 529 2801 ex
542 2745 596 2801 hac
610 2744 670 2801 vita
684 2742 819 2820 migrant.
1285 2747 1348 2824 369

248 2843 387 2921 Ejusdem
402 2840 644 2919 supplementum
661 2839 872 2911 Quaestionum.
1286 2858 1345 2918 373

248 2938 409 2996 Jousums
423 2937 516 2996 VIII.
533 2936 620 3015 Papae
635 2935 781 3014 Epistula.
841 2964 843 2970 ·
1286 2941 1347 3015 376

723 3171 805 3236 Pars
820 3171 867 3235 II.

250 3344 414 3403 Chronicou
439 3341 610 3399 Breviatum
639 3359 675 3397 ex
701 3338 842 3399 Eusnsn
866 3341 963 3420 Opere
992 3341 1029 3401 de
1056 3343 1245 3420 temporibus,

289 3461 355 3500 cum
390 3437 594 3498 additamentis
627 3434 738 3514 aliquot
766 3457 858 3515 usque
893 3438 929 3496 sd
963 3438 1100 3497 sacculum
1134 3439 1245 3499 Christi

369 3556 409 3594 m.
1238 3535 1281 3594 Pa
1305 3581 1312 3596 .

249 3558 419 3696 Tddddonr
433 3631 666 3689 Morsuns'rsm
681 3628 713 3686 in
728 3627 871 3688 Amosum
886 3630 1063 3707 Prophetam
1078 3631 1229 3711 Prologus.
1281 3557 1345 3708 g4i

673 3725 711 3784 In
723 3725 892 3785 Zachariam
906 3728 1058 3808 Prologus.
1307 3749 1350 3806 49

672 3823 708 3880 In
724 3819 867 3900 Aggae'um
882 3824 1034 3904 Prologus.
1309 3845 1325 3904 5
1330 3844 1347 3905 5

674 3920 711 3977 In
725 3918 831 3978 Jonsm
848 3923 1080 3982 Commentarius
1094 3923 1217 4002 integer.
1309 3942 1350 4003 59

674 4017 711 4073 In
724 4015 757 4072 N
758 4016 896 4075 ahumum
911 4017 1024 4078 Comm.
1039 4019 1163 4098 integer.
1309 4038 1349 4098 74

672 4112 711 4170 In
724 4110 851 4172 Abdiam
865 4113 978 4173 Comm.
991 4115 1113 4194 integer.
1308 4120 1350 4196 89

674 4210 712 4267 In
726 4209 834 4269 Oscam
848 4211 992 4290 Prologus
1000 4223 1031 4272 et
1042 4213 1156 4274 Comm.
1166 4234 1244 4292 pars.
1307 4233 1348 4293 97

250 4295 478 4374 Ponrcnnouu
492 4328 529 4368 ex
544 4307 767 4367 Commentariis
780 4307 811 4366 in
825 4308 988 4368 Danielem.
1289 4330 1349 4390 105
