2790 4958
317 324 406 391 Mass
418 324 609 411 amparem
630 325 769 390 Votorum
781 325 875 390 Novo
892 323 1039 391 comato.
1183 326 1248 389 235

144 495 578 557 S.Crurnu1Annxssnn1s1
590 495 727 576 Capitula
735 497 890 557 XXVIIL
901 498 938 558 da
950 498 1105 558 Trinitate.
1126 499 1197 576 Pag.
1208 517 1246 576 27

143 622 306 640 --··-
321 593 369 652 De
383 593 586 652 Incaruatione
600 593 721 651 Domini
736 594 873 672 Capitula
886 594 1023 654 XXXV.
1207 614 1246 673 59

141 719 307 736 ——-
323 690 454 748 Homilia
468 689 504 749 de
518 690 721 749 Incarnatione
735 691 868 752 Domini.
1190 712 1246 768 104
1346 709 1349 714 ·

144 786 333 845 S.Csn1nn1
357 785 592 845 Anaxarrnamr
613 786 740 863 Amplus
760 786 916 847 Tractatus
935 788 1074 848 adversus
1095 809 1145 848 eos

184 883 237 960 qui
252 883 468 943 Sanctissimam
483 884 636 962 Virginem
650 883 788 942 nolehant
801 884 934 944 confiteri
947 885 1119 964 Deiparam.
1190 888 1246 944 108

329 982 434 1042 Brevis
458 981 601 1060 Dialogus
625 1002 691 1040 cum
720 982 861 1042 Nestorio
886 983 922 1043 de
947 984 1000 1043 SS.
1022 984 1146 1063 Virgine

186 1078 324 1158 Deipara.
1193 1103 1245 1160 ¹32

322 1176 426 1235 Brevis
439 1177 596 1255 Expositio
610 1175 697 1234 Fidei
710 1196 763 1255 per
776 1176 943 1256 Dialogum.
1191 1200 1244 1257 135

143 1300 308 1320 ——-
322 1272 465 1351 Epistola
475 1283 610 1351 quatuor.
641 1273 667 1332 l.
682 1272 719 1331 ad
734 1273 845 1331 Rufum
861 1274 1039 1355 Episcopum
1053 1278 1146 1337 Thes-

185 1369 412 1441 salonicensem
443 1371 486 1428 ΙΙ.
516 1369 554 1428 ad
580 1369 703 1429 eundem
715 1393 725 1440 3
758 1370 818 1428 111.
841 1370 878 1429 ad
905 1371 1146 1451 Amphilochium

186 1467 367 1547 Episcopum
389 1468 539 1528 Sidensem
547 1492 557 1541 ;
588 1469 645 1528 lV.
667 1469 704 1527 ad
726 1469 889 1527 Maximum
905 1469 1069 1528 Diaconum
1083 1470 1147 1530 An·

186 1563 364 1624 tiochenum.
1192 1569 1246 1643 138

324 1662 499 1741 Fragmenta
509 1662 725 1743 deperditorum
737 1663 1018 1721 Commentariorum
1027 1663 1059 1721 in
1070 1664 1152 1723 Mat-

186 1757 257 1816 thari
271 1757 475 1835 Evangelium.
1190 1780 1244 1836 142

145 1884 307 1899 --
323 1855 499 1932 Fragmenta
507 1855 724 1934 deperditorum
733 1854 1014 1915 Commentariorum
1025 1858 1056 1916 in
1066 1858 1152 1917 Pauli

187 1950 351 2030 Epistulam
366 1951 404 2010 ad
418 1952 569 2011 Hebroeos.
1189 1973 1245 2031 147

144 2079 309 2093 —-——
322 2049 427 2108 Brevis
442 2049 574 2107 Homilia
587 2059 688 2108 contra
701 2049 733 2106 N
735 2050 884 2108 estorium.
1190 2071 1247 2129 149

147 2145 356 2224 Fragmentum
370 2145 472 2224 lingua
485 2146 610 2205 Gothica
624 2146 763 2225 scriptum
780 2145 904 2205 Codicis.
1147 2150 1246 2226 57-62

577 2339 734 2405 TOMUS
758 2339 823 2406 IX.

307 2469 419 2534 Romae
434 2468 531 2554 Typis
546 2466 712 2532 Vaticanis
726 2490 947 2533 mnoocxxxvn.
963 2468 1077 2534 aditus.

145 2613 289 2673 iPmoun
329 2613 505 2672 Patriarchae
537 2613 723 2686 Quaestiones
759 2613 1010 2694 Amphilochicum
1047 2634 1143 2676 cxxx,

186 2712 293 2789 quihus
344 2731 489 2772 sacrorum
535 2711 708 2791 plerumque
756 2711 897 2770 librorum
944 2713 1147 2772 controversiae

186 2805 350 2866 solvuntur.
1232 2827 1249 2864 1.

146 2902 287 2962 Sunourr
317 2903 398 2962 Scoti
426 2903 635 2982 Expositioues
661 2904 693 2962 in
720 2914 891 2982 arguments
918 2904 1146 2984 Evangeliorum

186 2999 333 3069 Matthaei,
348 3000 452 3070 Marci,
467 3010 498 3058 et
511 3000 610 3058 Lucre.
1192 3021 1248 3079 159

146 3097 307 3155 Dromon
323 3095 506 3155 Venerabilis
518 3095 635 3155 Laudes
648 3096 680 3154 in
695 3095 726 3154 S.
740 3097 852 3156 Lucam
866 3097 1095 3176 Evangelistam.
1191 3101 1246 3158 182

145 3195 352 3253 Lucuuuurn
382 3194 615 3253 Commentarius
648 3193 680 3251 in
711 3193 823 3271 aliquot
857 3193 939 3254 Novi
965 3195 1147 3256 Testamenti

186 3304 294 3371 partes,
309 3311 414 3371 nempe
426 3291 458 3348 in
472 3291 659 3358 Matthoeum
673 3291 848 3364 Johannem,
864 3291 1014 3371 Epistulas
1033 3302 1146 3372 septem

187 3389 259 3447 Divi
274 3389 360 3447 Pauli
374 3397 405 3447 et
418 3387 540 3467 primam
556 3388 628 3446 Divi
643 3387 734 3446 Petri.
1190 3393 1247 3471 189

144 3486 290 3546 Ancurur
306 3486 587 3553 Commentariorum
601 3486 633 3543 in
646 3484 846 3564 Apocalypsin
859 3485 926 3545 libri
939 3485 1078 3564 quinque.
1189 3505 1246 3566 257

144 3583 346 3643 Eaunsuanr
360 3584 493 3642 monachi
507 3583 673 3642 Casinensis
685 3581 737 3660 qui
758 3582 862 3642 saeculo
877 3581 937 3643 IX.
956 3581 1065 3653 floruit,
1080 3583 1144 3644 Ex-

184 3681 293 3759 positio
305 3682 337 3738 in
351 3679 462 3758 aliquot
477 3679 617 3740 Psalmos.

144 3777 337 3836 Paunnnnn
352 3777 494 3857 Episcopi
508 3776 648 3835 Praefatio
667 3775 705 3834 ad
727 3796 808 3836 suam
827 3775 1046 3837 deflorationem
1062 3778 1144 3838 Psal-

184 3893 310 3934 morum.

141 3968 277 4030 Ancum
293 3969 464 4029 Scholastici
479 3968 515 4028 de
530 3968 677 4029 Sacrificio
690 3969 798 4029 Missae.

177 4181 185 4219 i
205 4181 244 4230 De
261 4181 299 4229 his
314 4181 495 4241 Quaestionibus
513 4180 679 4243 Amphilochi·
712 4183 819 4232 universi
841 4183 980 4248 (Photiani)
1001 4186 1130 4235 editionem
1146 4189 1244 4237 tandem

143 4246 198 4296 anis
215 4245 366 4294 doctissimus
384 4247 471 4294 Editor
482 4246 554 4294 dicit:
572 4246 679 4294 “Edita
712 4247 841 4309 aliquando
857 4250 991 4300 absolutam
1007 4252 1198 4302 existimamus.''
1219 4271 1243 4316 p.

143 4320 204 4360 sunt
220 4311 247 4358 in
263 4310 308 4360 hoc
319 4311 442 4360 volumine
457 4311 609 4370 Quaestiones
621 4314 680 4358 Am·
717 4314 769 4374 158.

144 4374 304 4439 philochianae
320 4389 404 4424 cxxx.
442 4376 481 4424 Sic
502 4384 583 4424 autem
603 4377 680 4437 operis
