2790 4958
153 296 218 357 240
498 293 586 356 Maii
603 293 730 358 Classici
743 296 898 359 Aaotoroa.
938 348 944 360 .

155 465 294 544 Ejusdem
304 463 426 521 fortasse
441 462 595 521 Pnocorn
610 473 721 542 partem
733 465 941 524 Commentarii
957 466 987 524 in
1000 467 1156 527 Canticum

195 561 367 619 Salomonis.
480 588 484 593 ·
872 601 876 607 ,
1112 565 1184 643 Peg.
1198 567 1257 641 348

154 658 271 716 Scholia
289 667 389 716 vetera
410 657 512 715 Graeca
533 657 563 714 in
585 657 762 716 Mattheum
784 668 815 717 et
839 660 972 719 Marcum
998 681 1033 720 ex
1056 661 1157 720 codice

170 796 173 800 -
194 753 300 813 Saeculi
316 754 356 812 Χ.
1114 773 1256 835 379-500

477 883 516 946 Iu
531 884 632 947 Tomo
648 885 716 948 IX.
732 885 927 950 collocantur

154 1005 305 1063 Pnocorn
331 1005 439 1063 Gazmr
469 1005 608 1063 Rhetoris
633 1006 867 1064 Commentarius
890 1007 993 1085 ingens
1016 1007 1047 1064 in
1072 1006 1154 1065 Salo·

194 1103 288 1160 monis
302 1103 468 1160 Proverbia.
1159 1122 1213 1160 1-a
1218 1105 1257 1178 56

154 1199 435 1257 Commentariorum
450 1199 480 1256 in
496 1199 649 1259 Canticum
671 1199 834 1258 Salomonis
852 1199 995 1258 Collectio
1009 1219 1044 1258 ex
1058 1199 1153 1257 diver-

195 1295 234 1352 sis
249 1295 394 1362 Patribus
411 1315 480 1353 cura
499 1296 654 1354 Pnocorn
671 1296 788 1353 Gazsr.
831 1297 906 1354 Sunt
928 1306 1026 1354 autem
1050 1296 1155 1353 Patres

194 1390 243 1448 hi:
279 1390 463 1470 Anonymus,
492 1391 682 1471 Apollinaris,
711 1392 839 1471 Cyrillus
867 1390 963 1459 Alex„
996 1392 1152 1470 Didymus,

194 1487 342 1545 Eusebius
356 1491 440 1557 Caes„
459 1489 618 1566 Gregorius
632 1489 795 1568 Nyssenus,
812 1488 952 1558 Isidorus,
966 1488 1066 1553 Nilus,
1082 1487 1152 1545 Ori-

193 1603 290 1661 genes,
307 1583 393 1641 Philo
408 1585 591 1663 Carpathius,
607 1585 768 1663 Procopius
783 1585 916 1655 Gazaeus,
939 1585 1152 1650 Theodoretus,

194 1681 383 1760 Theophilus.
1114 1700 1254 1757 257-430

153 1777 284 1836 Additur
298 1780 400 1835 Canrr
414 1777 622 1854 fragmentum.
1193 1798 1254 1853 430

153 1874 269 1933 Scholia
293 1885 391 1933 vetera
416 1875 517 1932 Graeca
544 1875 574 1932 in
602 1875 712 1933 Lucam
741 1886 771 1934 et
795 1877 959 1934 Johannem
984 1895 1019 1933 ex
1044 1874 1152 1933 Codice

194 1971 298 2029 Saeculi
313 1971 353 2028 X.
1110 1989 1252 2047 431-512

154 2069 320 2126 Ganoonrr
337 2067 518 2126 Pnnanrza
532 2069 697 2127 Chronicon
717 2069 823 2136 minus,
836 2089 901 2126 cum
916 2069 1023 2148 praevia
1036 2069 1150 2127 notitia.

194 2167 269 2223 Sunt
283 2165 395 2241 paginoe
410 2184 475 2240 103.
1193 2185 1253 2242 594

488 2347 530 2410 In
545 2345 645 2409 Tomo
661 2346 707 2408 X.
725 2344 929 2410 continentur

153 2483 182 2539 S.
195 2481 337 2540 Cnnruur
359 2482 535 2541 Patriarchae
553 2480 746 2540 Alexandrini
767 2481 1001 2540 Commentarius
1016 2480 1047 2538 in
1061 2482 1150 2539 Luca

193 2580 398 2658 Evangelium,
423 2601 458 2639 ex
480 2580 579 2639 codice
602 2579 793 2638 Bibliothecae
816 2579 972 2648 Vaticanae,
996 2599 1026 2657 p.
1043 2595 1149 2652 1-407.

193 2678 364 2756 Rursusque
378 2698 412 2736 ex
433 2679 490 2736 alio
504 2677 611 2747 codice,
627 2697 656 2755 p.
667 2675 817 2752 501-546.
859 2675 962 2733 Tertio
983 2696 1018 2733 ex
1038 2678 1149 2733 Catena

192 2774 263 2832 Vat.
286 2774 317 2831 in
338 2774 509 2853 Prophetas,
524 2795 552 2852 p.
564 2773 715 2848 605-607.
758 2772 872 2842 Quarto
894 2791 929 2829 ex
951 2771 1008 2829 alia
1029 2773 1149 2840 Catena,

192 2891 221 2947 p.
234 2871 384 2944 608—613.
429 2870 513 2944 (Alia
536 2871 642 2946 Operis
668 2889 718 2927 sex
740 2869 903 2946 fragmenta
924 2868 1040 2926 suntin
1055 2867 1151 2924 Tomo

192 2967 250 3025 IX.
274 2969 378 3047 Script.
399 2967 469 3026 Vet.
490 2987 519 3044 p.
534 2970 615 3044 741.)
659 2966 735 3024 Item
759 2965 885 3044 ey'usdmn
908 2966 1048 3022 Currum
1071 2964 1150 3042 frag.

190 3075 290 3123 menta
305 3064 511 3129 Homiliarum,
526 3084 556 3138 p.
570 3065 666 3139 546-5
671 3078 719 3138 53.

152 3165 274 3221 Suvnnr
301 3161 476 3219 Patriarchae
498 3159 676 3219 Antiocheni
701 3158 844 3234 Reliquiae
867 3157 1149 3215 Commentariorum

191 3259 221 3315 in
236 3258 356 3326 Lucam,
371 3277 400 3333 p.
413 3258 563 3331 408-457.
606 3256 788 3332 Rursusque,
803 3275 832 3332 p.
845 3267 997 3327 470·473.

151 3359 275 3415 Suvnnr
294 3355 419 3434 ejusdem
437 3374 471 3411 ex
486 3352 702 3411 Commentario
716 3352 746 3409 in
761 3352 831 3409 Act.
845 3350 951 3430 Apost.
967 3351 1040 3427 Cap.
1053 3349 1096 3407 ΙΙ.
1112 3349 1150 3408 de

192 3453 375 3511 Pentecoste.
1150 3438 1154 3446 ’

151 3550 310 3608 Onrcnnrs
325 3547 487 3624 fragmenta
500 3546 531 3604 iu
545 3546 665 3604 Lucam.

150 3645 288 3703 Eunoen
304 3643 479 3701 Patriarchae
493 3642 579 3700 Alex.
594 3642 799 3720 fragmentum.

149 3744 304 3800 Dronrsn
320 3740 495 3798 Patriarchae
509 3738 596 3797 Alex.
611 3739 818 3816 fragmentum.

150 3839 313 3897 Crrnmrn
330 3836 366 3894 de
381 3835 559 3893 Paenitentia
572 3836 767 3913 fragmentum
784 3834 927 3892 Graecum.

149 3936 317 3993 Enrncnn
334 3933 508 3991 Patriarchoe
523 3931 839 4010 Constantinopolitaui
854 3933 1057 4009 fragmentum.

148 4031 290 4089 Eunoen
306 4030 387 4086 Patr.
403 4027 491 4086 Alex.
507 4029 701 4105 fragmentum
717 4026 806 4085 aliud.

148 4126 369 4186 Arouursranrs
384 4126 548 4202 fragmenta
562 4124 842 4182 Commentariorum
858 4125 888 4181 in
903 4123 1024 4182 Lucam.

148 4223 332 4281 Arusnasn
348 4221 568 4300 Archiepiscopi
583 4220 727 4279 Corinthii
741 4221 947 4298 fragmentum.

147 4318 287 4391 alaeam-1
303 4317 441 4375 Monachi
456 4317 593 4376 adversus
608 4318 796 4375 Tentatorem
811 4316 981 4376 Nominum.
