2790 4958
288 291 417 354 Memor
428 291 619 374 Fragmenta
632 290 769 354 Pctncn
786 291 969 354 Groecorbaa
1119 294 1185 356 223

82 459 224 543 mihique
237 459 317 524 satis
338 459 381 524 sit
402 459 570 544 protulisse
589 460 623 522 in
643 459 755 543 vulgus
777 482 848 543 quae
869 460 1096 541 Augustinum‚
1111 483 1183 527 mea

83 561 212 645 quidem
234 561 411 640 Sententia,
426 562 564 648 sapiunt,
580 583 683 648 neque
705 583 727 626 a
746 563 887 629 cordatis
908 563 993 642 viris,
1014 570 1102 648 puto,
1125 563 1182 626 im-

82 665 333 750 probabuntur.”
353 688 385 750 p.
398 665 463 729 xix.

592 885 675 955 XL.

129 1080 202 1143 Non
230 1080 523 1165 praetermittendus
552 1080 585 1141 in
617 1078 678 1142 hoc
713 1079 787 1143 albo
816 1080 989 1144 doctissimi
1022 1080 1184 1146 Furnrmcr

85 1182 228 1245 Muurun
241 1181 373 1263 libellus,
390 1183 480 1269 cujus
493 1181 608 1246 titulus
622 1181 669 1246 ita
684 1204 719 1246 se
732 1182 850 1258 habet3

85 1369 302 1464 Fragmenta
318 1369 467 1440 Patrum
484 1370 689 1441 Graecorum
705 1369 818 1439 edidit
838 1379 876 1440 et
897 1370 1085 1443 illustravit
1109 1373 1185 1443 Fri·

161 1486 299 1556 dericus
333 1485 493 1568 Miiuter‚
520 1484 568 1555 A.
582 1485 637 1554 M.
702 1484 905 1556 Fasciculus
934 1487 964 1555 I.
1027 1487 1183 1572 Hafnira

161 1605 272 1677 1788.
326 1600 512 1671 Sumtibus
537 1600 728 1670 Christiani
747 1600 897 1673 Gottlcb
915 1600 1041 1671 Proftii
1059 1603 1184 1697 Regiae

163 1714 413 1786 Universitatis
443 1715 657 1786 Havniensis
687 1716 908 1810 Bibliopolae.
973 1718 1184 1789 Excudebat

161 1829 186 1899 J
187 1830 344 1902 ohannes
361 1831 561 1904 Fridericus
582 1831 741 1915 Schultz,
758 1833 917 1925 ejusdem
934 1832 1185 1905 Universitatis

161 1944 423 2041 Typcgraphus.

410 2141 450 2205 ln
463 2141 525 2206 hoc
538 2140 643 2206 libello
658 2141 859 2207 inveniuntur

85 2291 197 2353 Pnrrrz
212 2293 429 2372 Fragmentum.
1061 2297 1133 2378 Pag.
1146 2316 1182 2375 17

86 2387 119 2446 S.
134 2389 263 2448 Inurum
277 2390 453 2469 Fragmenta
467 2392 525 2450 IX.
1145 2395 1185 2454 26

87 2485 228 2545 Eusnnrr
243 2488 427 2548 essariensis
440 2489 581 2569 Episcopi
596 2490 814 2568 Fragmentum.
1143 2492 1184 2550 60

86 2579 260 2642 Tnuoncnr
275 2584 478 2664 Mopsuesteni
493 2586 633 2665 Episcopi
648 2587 823 2665 Fragmenta
835 2587 924 2645 varia.
1064 2589 1185 2665 79-146

581 2842 684 2914 XLI.

130 3008 242 3096 Neque
264 3010 349 3075 inter
372 3019 424 3077 tot
451 3012 734 3080 Monumentorum
759 3014 1054 3081 Ecclesiasticus-um
1075 3015 1185 3082 collec-

86 3113 191 3178 tiones
204 3114 342 3178 taoenda
355 3121 431 3179 sunt
440 3115 599 3180 Amodata
613 3117 714 3180 swa
728 3115 865 3180 Euenun
884 3141 924 3180 nn
939 3118 1035 3182 anrs
1048 3118 1083 3183 in
1096 3125 1185 3183 tomo

86 3214 240 3302 singulari
254 3221 414 3295 contante,
429 3239 501 3302 quae
513 3217 575 3282 hac
589 3217 793 3303 inscriptione
806 3221 989 3305 §gaudenm

86 3403 277 3475 Anecdcta
300 3404 408 3476 Sacra
430 3406 504 3476 sive
532 3404 705 3476 Collectio
731 3407 844 3477 omnis
868 3409 1007 3500 generis
1024 3406 1186 3501 Opuscu-

162 3517 279 3589 lorum
296 3519 474 3592 Veterum
492 3521 704 3592 Sanctorum
726 3521 884 3604 Patrum,
902 3520 1073 3593 Virorum
1089 3522 1187 3593 illus·

162 3635 282 3719 trium,
313 3635 448 3706 Rerum
476 3636 748 3730 Litmgicarum‚
777 3636 1046 3721 Historicamm,
1076 3637 1187 3708 Chro-

162 3752 331 3837 nicarum,
366 3750 672 3846 Necrclogiorum,
706 3761 745 3823 et
774 3751 1031 3845 Diplomatum.
1093 3753 1186 3823 Cum

162 3868 449 3939 adnotationibus
465 3867 610 3961 aliquot,
623 3869 810 3940 itineribus
825 3892 889 3963 per
907 3869 1060 3940 diversas
1073 3868 1187 3938 Pede·

162 3983 290 4053 muntii
314 3984 520 4076 provincias,
542 3981 746 4078 Augustam
772 3984 990 4068 Praetoriam,
1008 3992 1048 4055 et
1064 3983 1187 4056 Valle-

121 4194 255 4245 tritulus
270 4194 346 4258 hujus
359 4194 511 4245 collectionis
527 4194 621 4244 nullam
653 4196 699 4245 sibi
721 4197 829 4246 dicamm
856 4197 967 4248 lubenter
988 4197 1097 4260 exdpcrn
1118 4195 1185 4255 dicit,

86 4260 478 4322 tmporisnotamlcctorioffert
512 4259 621 4322 Epistola
654 4261 739 4310 Roma
758 4264 815 4310 data
831 4262 880 4312 fuit
902 4263 979 4326 pridie
998 4278 1075 4312 nonas
1091 4260 1186 4312 mula

85 4331 180 4387 tutan,
197 4339 245 4389 qun
264 4325 325 4376 Pius
344 4325 412 4390 Papa
424 4325 472 4375 Vl.
490 4339 516 4376 se
531 4325 622 4375 librum
655 4338 849 4376 unccmm.
