2790 4958
141 307 176 370 ui
403 302 626 371 EPISTOLA
648 304 713 370 ΑΙ)
737 302 991 371 LnorounM.

148 493 354 565 emditionis
385 493 582 565 Patristicae
612 492 787 564 studiosos
815 492 882 563 sibi
912 492 1082 574 devinxit,
1112 489 1255 562 Biblio-

147 623 261 694 thecae
279 621 427 692 Petrum
444 622 641 693 novissimoe
654 622 817 705 indicem,
830 644 872 693 oc
887 621 1082 692 multarum
1099 621 1254 693 oliorum

149 754 410 826 collectionum
443 754 576 837 titulos,
606 754 731 847 prioris
756 753 921 825 editionis
949 753 1111 849 catalogo
1137 755 1254 826 adnu-

149 886 309 958 meravit.
336 885 456 958 Nemo
468 894 589 957 autem
606 886 678 957 huc
693 908 805 978 usque
821 885 949 970 effecit
962 887 1058 978 quod
1074 888 1112 956 in
1128 885 1253 958 animo

148 1018 237 1089 mihi
254 1026 318 1089 est.

200 1279 272 1350 Sed
288 1281 436 1352 minime
452 1289 507 1352 est
525 1281 759 1352 dubitandum
776 1283 862 1374 quin
878 1280 1117 1352 collectiones
1132 1279 1253 1376 Ittigii

149 1417 258 1483 aetate
287 1413 499 1482 recentiores
523 1420 756 1483 monumenta
781 1411 1038 1505 quamplurima
1064 1412 1109 1482 ad
1136 1412 1254 1482 scien-

147 1542 235 1612 tiam
261 1565 380 1612 rerum
401 1542 727 1614 Ecclesiasticarum
752 1566 892 1636 prorsus
914 1545 1110 1614 necessaria
1136 1545 1253 1614 conti-

149 1683 268 1746 neant.
307 1675 380 1746 Res
397 1677 635 1769 disputatione
651 1699 724 1747 non
740 1684 833 1770 eget.
879 1675 998 1746 Nemo
1015 1683 1071 1748 est
1087 1674 1252 1747 doctrino

147 1807 216 1878 hoc
240 1830 353 1902 genus
369 1830 475 1900 quam
501 1809 639 1879 modice
664 1809 833 1892 imbutus,
851 1809 911 1901 qui
937 1809 1077 1901 ignoret
1104 1808 1252 1878 nomina

149 1938 349 2023 Muratorii,
380 1939 559 2028 Martene,
585 1940 694 2024 Penii,
725 1939 862 2024 Wolfii,
894 1939 1026 2025 Mami,
1056 1937 1250 2026 Gallandii,

149 2070 284 2153 Routh,
315 2069 427 2153 Maii3
463 2072 633 2162 quicum
662 2069 785 2141 multis
818 2070 895 2152 aliis
925 2070 1124 2150 clarissimis
1152 2071 1249 2155 viris,

149 2199 271 2284 Gallis,
287 2200 483 2282 Germanis,
497 2198 636 2294 Anglis,
654 2199 767 2287 Italis,
784 2208 864 2292 post
881 2201 1051 2272 saeculum
1068 2202 1249 2272 decimum

148 2343 314 2405 octavum
340 2335 521 2427 inceptum
547 2334 611 2403 has
636 2341 730 2404 artes
757 2333 957 2404 felicissime
982 2333 1177 2416 coluerunt,
1203 2357 1249 2406 nc

147 2465 265 2558 plures
308 2467 469 2560 ingentes
515 2473 631 2536 tomos
670 2465 910 2536 monumentis
949 2467 1054 2536 sacris
1097 2464 1249 2536 refertos

146 2598 295 2690 posteris
317 2598 548 2667 tradiderunt.
610 2597 695 2667 Istae
723 2597 981 2688 pretiosissimae
1008 2596 1248 2668 collectiones

146 2730 328 2822 ingentem
350 2729 559 2820 scriptorum
582 2729 627 2798 ad
653 2750 709 2798 res
737 2750 846 2820 quum
874 2727 1148 2810 Ecclesiasticus,
1166 2736 1248 2798 tum

145 2859 341 2944 historicas,
374 2867 455 2929 tum
489 2859 658 2929 literarias
700 2860 936 2952 spectantium
977 2858 1248 2930 multitudinem

147 2988 328 3059 exhibent.
380 2987 528 3057 Patrum
554 2985 733 3080 Opusoula
756 2996 794 3058 et
818 2987 1041 3081 Fragmenta,
1059 2987 1246 3071 Chronica,

147 3117 324 3202 Historiae,
342 3119 509 3202 Concilia,
529 3117 739 3190 Sanctorum
755 3119 974 3211 aliorumque
992 3119 1102 3202 Vitae,
1120 3119 1248 3212 Diplo-

146 3259 254 3334 mata‚
273 3218 453 3343 Epistolae,
471 3259 578 3343 atque
595 3251 663 3321 alia
685 3253 870 3322 innumera
891 3253 937 3322 ad
958 3251 1141 3323 historiam
1164 3259 1246 3324 tum

146 3382 296 3465 civilem,
314 3390 392 3453 tum
412 3385 586 3476 praecipue
604 3383 888 3454 Ecclesiastioam
904 3382 1119 3476 pertinentia
1134 3383 1172 3454 in
1188 3384 1245 3456 his

146 3515 376 3608 farraginibus
393 3515 516 3585 latent.
568 3513 625 3586 Ac
643 3524 738 3586 certe
760 3536 865 3586 nemo
888 3515 934 3585 de
956 3517 1103 3586 scientia
1125 3538 1245 3586 rerum

146 3649 472 3720 Ecclesiasticarum
485 3657 547 3719 aut
562 3649 677 3718 Medii
691 3649 771 3717 AEvi
787 3648 945 3718 historiae
961 3647 1101 3742 gloriari
1113 3656 1245 3740 potest,

146 3785 206 3876 qui
222 3784 285 3854 has
302 3783 484 3853 literarum
501 3781 661 3875 regiones
678 3802 749 3850 non
767 3779 967 3872 explorant.

197 4046 320 4116 Habes
342 4048 461 4140 igitur,
479 4049 590 4117 amice
609 4047 748 4127 Lector,
767 4065 898 4129 causas,
917 4066 980 4112 cur
995 4041 1063 4111 hoc
1083 4042 1247 4137 βιβλαρί-

149 4179 215 4250 διον
232 4179 438 4270 scripserim.
491 4177 599 4248 Nunc
616 4185 735 4258 restat,
752 4184 793 4245 ut
811 4176 856 4245 de
872 4174 1017 4256 ratione,
1035 4196 1105 4264 qua
1120 4174 1157 4242 in
1174 4174 1246 4245 isto

149 4312 391 4404 componendo
416 4332 500 4381 usus
522 4332 610 4392 sum,
632 4332 806 4402 perpauca
831 4309 956 4378 dicam.
1008 4305 1245 4378 Collectiones
