2790 4958
250 285 314 355 174'
539 286 668 351 Bobazii
682 293 709 351 at
723 285 832 349 Macci
846 285 890 348 M
887 283 1053 349 iscallosaoo.

1293 454 1348 517 Pag.

250 539 378 598 Kanonr
401 539 462 597 III.
484 540 670 618 Imperatoris
692 540 874 618 Praeceptum
895 559 949 617 pro
970 537 1102 596 Ecclesia
1122 538 1249 615 Lugdu·

288 637 381 706 nemi,
396 637 497 695 datum
512 636 548 694 ad
562 636 794 714 deprecationem
815 636 951 694 Liutardi
972 636 1112 714 Episcopi
1128 634 1249 694 Vercel-

289 734 387 800 lensia‚
403 744 433 792 et
449 733 590 792 Bernardi
606 733 794 791 Marchiouis.
1280 733 1349 792 ibid.

250 833 432 909 Praeceptum
446 831 604 889 Lunovror
621 830 720 908 Regis,
731 831 811 907 quod
822 830 892 890 fecit
907 829 1046 889 Ecclesiae
1061 831 1093 889 S.
1106 830 1250 909 Stephani

289 928 505 1006 Lugdunensis.

251 1027 433 1105 Praeceptum
448 1027 603 1084 Lunovror
620 1025 719 1103 Regis,
733 1024 812 1101 quod
831 1025 901 1083 facit
916 1025 1011 1083 Ysaac
1033 1022 1251 1103 Gratianopoli-

289 1133 359 1181 tano
374 1122 520 1201 Episcopo
535 1133 565 1180 et
580 1122 799 1181 Successoribus
813 1121 886 1198 ejus.

251 1220 355 1278 Brevis
367 1218 403 1277 de
419 1217 638 1277 Consuetudine
653 1218 684 1276 S.
696 1219 816 1278 Donati.

250 1316 432 1374 Lunovrcua
457 1315 523 1373 Rex
551 1315 683 1373 concedit
712 1316 843 1374 Uncrino
870 1316 1011 1374 monacho
1039 1314 1072 1373 S.
1094 1313 1250 1373 Michaelis

292 1412 453 1470 Fraxinum
467 1411 504 1469 ad
518 1412 757 1470 restaurationem
771 1413 878 1471 veteris
891 1413 1068 1471 monasterii.
1279 1411 1350 1470 ibid.

252 1511 380 1568 Kanonr
396 1510 561 1568 Srurnrcrs
577 1509 760 1589 Praeceptum
774 1509 811 1569 de
826 1510 937 1570 codem.
1312 1511 1350 1584 36

251 1607 393 1665 Ronuum
414 1606 503 1684 Regis
525 1607 703 1686 Burgundioe
719 1608 901 1686 Praeceptum
924 1628 977 1687 pro
998 1606 1180 1666 Monasterio
1195 1607 1249 1665 Gi-

291 1703 446 1781 gniacensi.
1278 1702 1348 1761 ibid.

252 1801 434 1879 Praeceptum
456 1800 546 1878 Regis
569 1801 698 1859 Kanour
722 1803 887 1860 Smnnrcrs
912 1822 966 1881 pro
990 1801 1172 1860 Monasterio
1194 1799 1249 1858 So-

291 1897 488 1957 lemniacensi.
1281 1895 1351 1954 ibid.

253 1996 435 2073 Praeceptum
450 1995 609 2053 Lunovror
625 1996 681 2053 IV.
699 1995 789 2074 Regis
807 1996 984 2053 Francorum
1003 2015 1057 2074 pro
1075 1993 1250 2052 monasterio

294 2091 393 2150 Sancti
408 2091 428 2148 J
430 2090 520 2147 uliani
536 2091 724 2150 Turonensis.
1313 2107 1350 2164 37

252 2187 423 2245 Destructio
441 2186 567 2264 Capellae
589 2188 744 2258 Masiriaci,
759 2210 823 2267 quae
846 2200 956 2248 structa
977 2200 1039 2248 erat
1060 2189 1090 2246 in
1111 2186 1247 2265 injuriam

294 2282 433 2341 Ecclesiae
447 2283 558 2341 Aciaci.
1313 2285 1350 2358 38

253 2381 374 2439 Litterae
388 2381 556 2440 W1orn1u1
572 2381 712 2461 Episcopi
727 2382 922 2442 Virdunensis
937 2383 972 2442 de
987 2382 1119 2442 Ecclesia
1133 2382 1238 2442 Alieri.
1281 2380 1350 2441 ibid.

253 2475 405 2534 Annonnr
434 2477 574 2555 Episcopi
603 2477 850 2537 Halberstatensis
873 2480 1007 2559 Epistola
1028 2479 1065 2539 ad
1087 2480 1250 2538 Henricum

294 2573 473 2652 Episcopum
503 2573 746 2652 Herbipolensem
774 2575 810 2633 de
841 2576 1025 2635 institutione
1041 2577 1250 2655 ‚Episcopatus

294 2671 522 2748 Bambergensis.

254 2766 362 2824 Charta
376 2767 572 2825 Laununrnr
588 2767 727 2846 Episcopi
746 2768 885 2827 Ecclesiae
904 2769 1092 2828 Tauriuensis
1110 2769 1146 2828 de
1166 2780 1249 2848 parte

294 2862 397 2941 capitis
411 2862 442 2920 S.
453 2863 604 2922 Johannis.

255 2959 362 3017 Charta
376 2959 500 3017 Comitis
514 2959 686 3018 Gaurnnnr
701 2960 737 3019 de
751 2960 906 3020 donatione
920 2963 1036 3022 Montis
1050 2963 1173 3023 Fidulsi.

630 3181 847 3246 Oluniaconsia
863 3181 973 3247 Varia.

254 3341 375 3400 Litterae
401 3342 574 3401 Bnuuannr
600 3343 739 3423 Episcopi
765 3345 956 3404 Cadurcensis
980 3347 1016 3405 de
1040 3348 1117 3406 Villa
1142 3349 1248 3408 Caren-

294 3439 386 3498 niaco.
1313 3468 1354 3522 42

254 3535 376 3594 Litterae
391 3536 542 3594 Gunannr
559 3536 699 3615 Episcopi
711 3537 902 3598 Cadurcensis
913 3539 949 3598 de
964 3540 1063 3599 eadem
1075 3540 1156 3599 Villa
1170 3552 1200 3600 et
1214 3542 1251 3602 de

295 3633 466 3710 quibusdam
481 3632 545 3690 aliis
559 3632 707 3691 Ecclesiis.
1314 3661 1351 3717 43

254 3728 376 3787 Litterae
391 3728 509 3786 Pourrr
525 3727 648 3785 Comitis
669 3727 806 3786 Tolosani
829 3750 882 3807 pro
905 3730 1086 3789 Monasterio
1108 3733 1252 3810 Moyssia-

295 3825 382 3884 censi.
896 3880 897 3883 ,
1281 3833 1351 3892 ibid.

254 3922 376 3980 Litterae
391 3921 584 3979 Gauznunrr
599 3920 723 3980 Abbatis
737 3922 959 4001 Moyssiacensis
974 3924 1010 3982 de
1025 3924 1159 3984 libertate
1176 3926 1252 4003 ejus„

295 4018 361 4077 dem
376 4017 559 4078 Monasterii.
1284 4027 1352 4086 ibid.

254 4113 373 4172 Notitia
387 4113 423 4171 de
437 4113 617 4171 Monasterio
632 4114 732 4173 Sancti
746 4116 867 4174 Montis.
1281 4121 1352 4182 ibid.

254 4210 376 4269 Litterae
392 4210 566 4267 Banuanur
582 4211 705 4270 Comitis
720 4211 897 4291 Bigorritani
912 4235 964 4292 pro
979 4214 1080 4273 eodem
1095 4217 1284 4278 Monasterio.
1313 4239 1351 4295 44
