2790 4958
435 356 438 361 .
461 302 816 368 Boiaaonodedneedota
831 304 952 367 Gnaeo.
1195 306 1257 368 241

150 469 332 528 Eananam
348 469 523 531 Patriarehae
545 469 685 528 Antioeh.
706 471 904 549 fragmentum
927 470 1081 551 Apologia
1102 492 1156 552 pro

193 567 313 646 Synodo
326 566 564 625 chalcedonensi.
1112 568 1184 648 Pag.
1195 585 1212 646 5
1217 571 1256 646 58

149 663 317 722 Gaaaoau
337 663 516 722 Antiocheni
538 664 639 722 Sermo
659 662 848 741 Dogmaticua
865 663 901 722 de
915 664 1021 733 verbis,
1037 664 1099 723 Hic
1112 673 1155 725 est

179 759 271 836 filiae
283 781 362 819 mm
376 760 406 818 in
421 781 476 839 quo
489 760 560 818 milri
572 760 740 838 complacui.
1194 764 1254 840 560

148 855 312 914 Jonauurs
326 856 451 915 Euboici
466 858 567 914 Sermo
581 857 611 914 in
627 859 678 914 SS.
693 856 826 915 Infantes
839 859 875 916 ab
891 857 1011 917 Herode
1025 859 1142 919 occisos.
1194 878 1254 937 570

149 952 319 1012 Haarcnrr
336 953 596 1033 Hierosolymitani
611 954 713 1012 Sermo
727 954 758 1010 in
774 955 937 1013 Simeonem
948 956 1073 1032 justum.
1194 959 1252 1035 585

148 1047 293 1107 Euenum
304 1048 525 1127 Archiepiaoopi
536 1048 728 1107 Alexandrini
743 1051 844 1108 Sermo
857 1050 894 1108 de
908 1050 1036 1110 secondo
1048 1052 1160 1112 Christi

190 1143 342 1204 Adventu.
478 1185 481 1190 -
1192 1165 1250 1227 595

148 1240 311 1300 Oatuarua
326 1241 536 1319 Fragmentum
550 1242 581 1298 in
595 1243 772 1302 lenticum.
1192 1246 1253 1305 600

147 1336 236 1395 Jonrr
251 1338 385 1397 monaehi
400 1337 578 1417 Fragmenta
590 1359 626 1398 ex
640 1339 739 1419 Opere
752 1338 789 1398 de
804 1340 1015 1401 1n0arnati0ne.
1111 1345 1253 1418 601-604

628 1585 772 1658 XLVI.

191 1755 412 1820 Amedotoram
429 1755 605 1819 Gnaemram
626 1754 786 1819 volumina
805 1753 953 1840 quinque,
977 1777 1047 1840 quae
1062 1754 1131 1818 viro
1145 1754 1251 1819 alana

146 1857 228 1923 aimo
249 1857 273 1921 J
274 1880 372 1921 oanru
392 1857 564 1920 Faancraoo
578 1842 768 1920 Bommnana
791 1857 952 1935 debemus,
967 1856 1103 1941 plurima
1123 1857 1251 1941 quidem

145 1958 314 2024 continent
335 1960 379 2024 ad
399 1981 450 2023 rea
467 1958 627 2043 profanae,
648 1958 807 2043 praeoipue
828 1957 1030 2043 Byzantinae,
1046 1957 1249 2043 pertinentia,

145 2061 204 2124 aed
217 2083 379 2147 perpauca
392 2083 464 2147 quae
477 2062 520 2125 ad
534 2049 715 2125 Historiam
730 2060 987 2126 Eooleaimtioam
1002 2065 1158 2144 spectant.
1189 2059 1250 2125 Eat

145 2163 246 2227 nihilo
272 2165 375 2228 secius
396 2185 501 2249 operae
522 2162 661 2248 pretium
680 2164 831 2248 opuscula
849 2163 920 2228 istis
944 2163 1152 2228 voluminibus
1178 2185 1251 2227 oon-

145 2272 240 2331 tenta
261 2288 435 2332 recensere.
480 2266 691 2331 Doctiaaimua
711 2267 839 2351 quidem
861 2267 966 2331 editor
988 2267 1103 2344 omnia,
1124 2267 1251 2334 πίνακας

146 2367 247 2432 etiam
261 2369 356 2454 ipsos,
372 2370 483 2434 Graece
502 2376 632 2434 tantum
654 2369 793 2435 exhibet.
839 2370 909 2455 Ego
930 2377 1049 2447 autem,
1064 2390 1136 2432 meo
1150 2389 1247 2446 moro,

145 2471 260 2536 titulos
280 2472 395 2537 horum
416 2475 581 2537 ἀνεκδότωυ
605 2472 720 2537 Latine
738 2472 879 2536 reddam.
933 2471 1085 2536 Collectio
1100 2470 1249 2534 Boisaon·

145 2573 265 2639 adiano
277 2575 338 2639 hae
354 2578 504 2661 ἐπιγραφῇ
519 2574 718 2640 inscribitur:

144 2765 402 2832 ΑΝΕΚΔΟΤΑ.
453 2761 642 2834 Aneodota
659 2761 783 2833 Graeoa
800 2783 820 2830 e
838 2758 1028 2830 (lodicibus
1045 2729 1166 2852 Regiis
1188 2759 1249 2829 de-

221 2878 368 2970 scripsit,
392 2875 636 2947 Annotatione
659 2875 848 2945 illustravit
873 2873 908 2944 J.
928 2874 991 2943 Fa.
1006 2874 1247 2946 Bolssouaua.
1355 2886 1375 2911 '⁹

222 2990 307 3062 Vol.
326 2992 355 3062 Ι.
408 2991 560 3075 Parisiis,
586 3014 756 3062 excusum
783 2993 821 3060 in
852 2989 965 3083 Regio
993 2989 1247 3085 Typographeo

222 3105 331 3201 Regia
347 3108 530 3200 permissu.
566 3125 799 3176 nocccxxnt.
851 3104 896 3174 In
913 3108 992 3174 8v0.

440 3318 610 3382 Volumine
624 3317 734 3382 Primo
749 3316 960 3392 continentur,

142 3461 284 3521 Joams
296 3464 482 3534 Gnoauma,
493 3465 610 3522 inoertae
621 3463 717 3522 atatis
728 3461 878 3529 Monachi‚
891 3458 1125 3538 Guomologinm.
1148 3460 1218 3539 Pag.
1232 3480 1242 3519 1

142 3559 403 3636 Apophthegmata
418 3560 474 3619 SS.
489 3560 622 3618 Patram.
1187 3575 1245 3634 109

142 3653 306 3713 Sententia
319 3657 414 3714 varia.
1188 3673 1243 3730 113

142 3751 384 3833 Philoaophoram
397 3754 483 3812 dicta.
1188 3770 1245 3809 120

142 3848 305 3908 Sententia
321 3850 510 3929 Sapientiam.
1188 3863 1244 3923 127

142 3944 305 4005 Sententiae
320 3948 432 4026 Septem
448 3947 636 4026 Sapientiam.
1187 3961 1242 4022 135

142 4041 252 4102 Neaera
275 4044 453 4122 Sapientiam
474 4043 732 4123 Apophthegmata
754 4041 790 4100 ad
816 4041 1018 4100 Alexandrum
1043 4041 1143 4100 Mace·

183 4135 298 4197 donem.
1188 4153 1242 4214 145

141 4234 303 4293 Sententia
317 4235 499 4294 Marianum
513 4245 544 4293 et
561 4234 798 4293 Parmamoms.
1189 4250 1243 4310 147

140 4328 290 4388 Veraienli
304 4330 508 4389 Marianorum
523 4329 704 4389 Paraenetioi.
1189 4346 1200 4383 1
1206 4346 1222 4402 5
1226 4345 1242 4401 3

690 4443 712 4482 a
